3190 4900
645 268 1002 380 -19-

167 485 241 564 post
271 483 564 566 praeclarissimam
595 484 766 553 victoriam
799 485 949 554 navalem
982 486 1022 550 ab
1055 483 1203 568 Agrippa
1238 483 1278 550 de
1310 484 1340 552 S.

167 589 319 670 Pompeio
344 595 545 673 reportatam
569 591 621 672 (cf.
639 591 777 660 honores
794 591 975 658 Octaviano
1000 591 1144 658 tributos
1167 587 1252 656 teste
1269 589 1341 659 Dio.

168 695 256 764 Cass,
279 697 401 780 XLIX,
427 699 488 780 14).
535 697 660 764 Deinde
684 699 719 765 in
743 698 959 766 Octavianum
983 699 1135 766 convenit
1163 717 1341 782 cognomen

168 803 293 887 invicti,
317 804 418 871 donec
441 805 581 872 nondum
604 805 712 873 victus
736 810 809 871 erat
832 805 884 887 (ci.
909 804 1041 871 Teuffel.
1063 824 1094 888 p.
1118 806 1206 890 208).

277 909 379 978 Recte
402 917 510 979 autem
534 910 614 978 dicit
643 912 809 980 Trankius
840 931 870 995 p.
903 914 965 978 112
996 929 1061 977 nou
1091 912 1189 978 licere
1220 911 1342 980 satirae

169 1019 432 1100 compositionem
455 1023 529 1102 post
553 1039 580 1084 a.
605 1037 633 1084 u.
660 1020 724 1084 724
747 1019 900 1102 proferre.
946 1019 1029 1086 Nam
1053 1039 1136 1086 anno
1160 1020 1343 1100 insequenti

170 1132 240 1192 tres
263 1131 331 1193 tam
355 1145 474 1212 graves
497 1145 549 1192 res
574 1130 768 1210 evenerunt,
800 1145 880 1208 quas
911 1125 1090 1209 praeterire
1120 1147 1184 1193 non
1214 1126 1344 1206 licebat,

171 1253 243 1300 cum
266 1241 300 1300 et
323 1237 502 1300 memoratu
525 1233 664 1299 maxime
688 1233 806 1316 dignae
823 1239 864 1300 et
884 1233 1066 1300 Octaviano
1089 1253 1232 1300 summae
1255 1229 1344 1300 laudi

172 1345 206 1405 et
222 1340 335 1406 honori
352 1345 474 1408 essent:
498 1341 652 1422 templum
667 1341 745 1406 dani
762 1341 912 1419 clausum,
936 1341 1119 1422 triumphus
1135 1359 1228 1421 quem
1250 1341 1345 1407 Octa-

171 1447 288 1513 vianus
311 1451 379 1514 tres
402 1467 460 1530 per
483 1448 553 1514 dies
577 1449 655 1532 egit,
678 1467 792 1514 munus
815 1468 938 1514 morum
962 1448 1112 1531 magistri
1135 1449 1220 1528 quod
1235 1449 1345 1514 subiit.

172 1552 320 1634 Denique
344 1539 511 1638 Horatius
538 1555 566 1620 si
597 1559 658 1622 sat.
693 1565 707 1620 1
735 1575 761 1621 a.
794 1576 823 1622 u.
856 1555 921 1620 724
951 1555 1143 1638 scripsisset,
1166 1574 1233 1620 rem
1257 1555 1345 1621 illam
1386 1569 1390 1578 ·
1455 1544 1457 1559 ¹

173 1647 430 1742 praeclarissime
455 1662 497 1727 ab
514 1661 696 1728 Octaviano
721 1667 847 1746 gestam
871 1662 1001 1729 silentio
1026 1681 1089 1728 nou
1109 1661 1347 1745 praeteriisset:

173 1769 346 1834 victoriam
363 1769 402 1834 de
419 1768 563 1834 Antonio
580 1773 613 1833 et
629 1769 804 1852 Cleopatra
820 1775 1029 1851 reportatam.
1071 1770 1230 1835 Weberus
1241 1768 1347 1852 igitur
1404 1774 1411 1788 ‘

174 1876 387 1941 Kirchnerum
415 1881 543 1942 secutus
566 1875 587 1944 l.
611 1877 630 1940 l.
659 1896 688 1957 p.
713 1879 775 1944 287
802 1883 862 1942 sat.
891 1887 906 1942 1
931 1895 995 1942 non
1019 1881 1108 1941 recte
1133 1877 1175 1941 ad
1191 1895 1220 1942 a
1237 1895 1264 1942 u.
1283 1877 1346 1942 726

175 1983 308 2064 profert.
654 1981 658 1992 ’

282 2090 398 2171 Itaque
423 2091 530 2157 causis
553 2110 633 2171 quas
657 2091 751 2156 affert
767 2090 940 2174 Fraukius,
963 2110 1027 2155 uon
1045 2090 1264 2156 convincimur
1286 2095 1347 2156 sat.

180 2200 192 2262 1
223 2197 265 2262 ad
288 2217 316 2263 a.
340 2217 369 2264 u.
395 2199 460 2276 724
484 2199 687 2264 referendam
711 2217 789 2281 esse,
813 2196 870 2263 sed
892 2197 1001 2278 potius
1033 2197 1075 2262 ad
1104 2198 1194 2279 prius
1222 2203 1348 2278 tempus

177 2305 374 2372 adducimur.

283 2413 395 2492 Neque
412 2431 490 2479 vero
506 2417 595 2478 recte
612 2418 762 2480 statuunt
778 2411 941 2487 Frankius
958 2417 991 2477 et
1004 2411 1204 2478 Kirchnerus
1219 2417 1349 2494 poetam

177 2522 238 2584 sat.
266 2527 280 2583 1
313 2517 459 2584 ultimam
490 2521 629 2586 omnium
660 2520 850 2601 posterioris
878 2520 954 2584 libri
989 2520 1164 2584 satirarum
1196 2521 1350 2602 scriptam

178 2625 297 2690 ceteris
321 2627 414 2706 quasi
436 2629 606 2712 prologum
630 2628 806 2710 addidisse;
830 2627 887 2692 sed
910 2645 1025 2692 censeo
1042 2645 1112 2714 eam
1128 2626 1264 2708 primam
1279 2647 1349 2709 pro-

167 2731 244 2820 logi
275 2730 345 2797 loco
377 2737 587 2817 compositam
617 2753 698 2801 esse.
749 2735 907 2800 Horatius
938 2732 1023 2800 enim
1054 2732 1149 2818 fingit
1181 2734 1284 2800 satira
1315 2753 1350 2801 se

179 2841 398 2908 consulentem
421 2842 453 2907 O.
478 2843 666 2908 Trebatium
690 2843 830 2926 Testam,
854 2841 941 2908 iuris‘
956 2839 1200 2924 peritissimum,
1232 2840 1286 2921 qui
1310 2859 1351 2906 cx

179 2947 242 3013 Oic.
266 2949 395 3030 Topicis
419 2953 452 3014 et
476 2950 570 3032 epist.
594 2949 637 3015 ad
660 2951 734 3016 tam.
758 2950 813 3014 lib.
837 2949 901 3014 Vll
923 2951 1020 3014 nctus
1044 2953 1103 3030 est,
1132 2949 1210 3030 quid
1240 2949 1350 3033 faciat,

181 3072 250 3122 cum
274 3055 340 3120 sint
364 3057 418 3136 qui
441 3057 617 3140 malignum
634 3075 704 3122 esse
726 3057 831 3138 ipsum
848 3055 959 3122 (licant
975 3060 1009 3120 et
1024 3055 1119 3122 nimis
1135 3074 1250 3140 acrem,
1267 3056 1352 3138 quod
1414 3109 1420 3122 .

180 3160 292 3227 satiris
315 3162 412 3228 editis
436 3164 598 3230 hominum
621 3164 705 3229 vitia
729 3162 939 3246 castigentur.
985 3163 1139 3228 Trebatio
1157 3168 1263 3228 autem
1280 3164 1352 3230 hor·

176 3269 264 3333 tenti
287 3273 324 3334 ut
347 3289 461 3336 versus
485 3271 593 3336 facere
617 3270 754 3354 desinat,
777 3273 875 3352 pocta
897 3268 1071 3350 respondet
1094 3274 1214 3336 natura
1241 3289 1276 3336 se
1304 3271 1352 3336 ita

180 3374 254 3442 duci
278 3375 319 3440 ad
342 3378 463 3443 satiras
479 3378 724 3461 componendas,
747 3383 785 3442 ut
807 3377 981 3458 impetrare
1006 3395 1026 3441 a
1047 3394 1083 3441 se
1106 3394 1170 3441 non
1193 3377 1297 3459 possit
1316 3383 1353 3443 ut

181 3482 319 3548 desistat
343 3503 363 3549 a
385 3484 496 3551 satiris
524 3485 710 3553 scribendis.
755 3485 871 3564 Itaque
902 3488 936 3549 et
966 3501 1008 3548 ex
1039 3483 1099 3548 hoc
1130 3487 1163 3548 et
1195 3502 1212 3548 e
1241 3484 1352 3550 multis
1422 3497 1425 3509 ¹

180 3589 255 3654 aliis
278 3589 359 3657 locis
382 3591 477 3658 huius
500 3591 623 3658 satirae
647 3596 783 3673 apparet
806 3595 922 3672 poetae
946 3591 981 3656 in
1004 3590 1110 3656 ammo
1134 3609 1204 3656 csse
1234 3610 1353 3658 novum

181 3696 358 3764 satirarum
379 3698 498 3764 librum
521 3699 663 3766 scribere
686 3698 739 3786 (ci.
765 3717 846 3779 quae
869 3697 1016 3780 pluribus
1039 3697 1126 3763 infra
1149 3697 1304 3780 exposm).

288 3804 352 3870 Sed
375 3806 408 3871 in
431 3806 503 3888 ipsa
526 3806 629 3872 satira
652 3805 734 3872 nihil
758 3811 817 3888 est,
841 3823 902 3884 quo
931 3809 1059 3886 tempus
1087 3805 1271 3872 accuratius
1301 3805 1354 3871 de

181 3909 267 3976 finiri
290 3912 404 3994 possit.
450 3912 566 3994 Itaque
590 3913 654 3979 alio
678 3914 772 3979 modo
801 3917 928 3994 tempus
960 3912 1202 3978 constituemus
1249 3913 1352 3996 Quam

182 4019 223 4083 ad
248 4037 316 4084 rem
339 4019 523 4104 videamus,
552 4039 634 4102 quae
659 3999 699 4087 'ex
722 4019 841 4087 ceteris
869 4019 980 4086 satiris
1012 4019 1117 4102 prima
1147 4019 1271 4102 scripta
1301 4020 1354 4086 sit.

182 4125 364 4190 Satirarum
378 4131 494 4200 autem.
518 4145 652 4208 quarum
676 4131 803 4209 tempus
826 4127 981 4192 constitui
1001 4130 1119 4210 potest,
1142 4128 1171 4193 si
1187 4131 1247 4193 sat.
1267 4129 1281 4192 1
1302 4146 1355 4192 ex·

183 4233 315 4317 ceperis,
339 4237 399 4300 sat.
424 4234 444 4297 3
469 4235 608 4301 omnium
631 4235 767 4315 primam
784 4252 969 4316 cognoscas,
1015 4233 1113 4301 Cuius
1130 4240 1256 4316 tempus
1273 4207 1355 4301 satis

183 4346 320 4421 apparet
345 4360 384 4406 ex
409 4359 446 4404 eo
471 4341 554 4420 quod
571 4359 600 4405 v.
621 4342 683 4406 180
700 4361 745 4420 sq.
770 4341 841 4410 coll.
868 4341 930 4406 185
951 4361 996 4421 sq.
1021 4341 1173 4407 aedilitas
1189 4342 1355 4424 Agrippae
