3190 4900
722 221 918 286 ..8.-

235 433 409 502 Kirclmeri
432 434 526 516 ratio,
551 435 605 515 qni
628 437 764 522 (quaest.
787 456 816 518 p.
838 437 893 521 50)
910 436 1052 518 explicat
1067 439 1199 518 ,septem
1216 436 1293 502 111111
1308 456 1408 518 prope

235 541 355 623 elapsi‘,
381 543 465 622 quod
489 542 587 608 etiam
607 542 752 608 Frankio
775 563 805 626 p.
834 545 893 608 121
918 542 1027 625 placet
1051 547 1194 630 (septem
1218 543 1296 610 anni
1310 563 1409 626 prope

234 650 390 731 peracti).
435 649 592 716 Horatius
619 649 722 732 igitur
748 656 871 732 septem
902 650 972 716 fere
1006 651 1099 716 annis
1128 652 1315 732 priusquam
1346 658 1408 718 sat.

234 756 278 841 ΙΙ,
302 759 322 822 6
346 755 484 841 scripsit,
509 775 580 823 cum
603 758 794 824 Maecenate
818 757 1045 824 familiaritate
1069 758 1258 826 coniunctus
1283 764 1340 824 est.

342 879 494 961 Sequitur
517 888 553 948 ut
582 901 773 963 quaeramus
804 884 930 963 quando
955 889 1014 949 sat.
1041 885 1081 967 ΙΙ,
1106 886 1125 948 6
1154 883 1331 964 composita
1354 884 1407 951 sit.

213 989 351 1054 ‘Certae
383 994 491 1054 autem
523 991 642 1056 dantur
672 990 817 1056 rationes
849 990 973 1056 duabus
1005 991 1056 1057 his
1087 989 1408 1074 interrogationum,

236 1115 318 1176 quae
341 1096 376 1161 in
398 1097 470 1179 ipsa
494 1097 598 1163 satira
620 1099 786 1181 leguntur:
811 1116 840 1164 v.
865 1098 907 1161 53

518 1223 597 1292 ,Num
609 1223 680 1290 quid
699 1223 732 1278 de
751 1221 834 1277 Dacis
853 1222 974 1278 audisti?
993 1263 1111 1279 .....
1114 1225 1120 1251 ‘

180 1272 459 1392 ¹etuirbsq.

460 1459 555 1486 .....
575 1419 657 1486 quid?
675 1418 809 1474 militibus
827 1419 961 1487 promissa
980 1419 1127 1488 Triquetra

460 1508 578 1564 Praedia
597 1509 698 1564 Caesar
718 1526 753 1563 an
772 1515 815 1564 est
833 1510 907 1564 itala
926 1509 1027 1564 tellure
1047 1509 1187 1564 (1111111112ί

235 1597 443 1664 EDacorum
466 1599 629 1665 mentione
652 1619 682 1665 v.
707 1599 749 1663 53
775 1597 922 1682 efficitur,
946 1602 983 1664 ut
1006 1599 1109 1664 satira
1133 1599 1255 1680 scripta
1274 1597 1318 1663 sit
1333 1601 1422 1690 post

235 1723 379 1788 pugnam
407 1705 586 1790 Actiacam,
619 1727 714 1787 quam
745 1691 867 1802 factam
899 1725 968 1771 esse
998 1709 1127 1772 constat
1157 1705 1314 1787 postridie
1341 1704 1409 1769 Cal.

79 1872 80 1881 ,
193 1829 196 1845 '
236 1811 323 1893 Sept.
348 1812 425 1878 anni
449 1833 477 1879 u.
503 1815 575 1880 723.
622 1815 705 1879 Ι)111
729 1814 813 1880 enim
838 1816 878 1881 ab
904 1813 1084 1879 Octaviano
1109 1813 1212 1894 spreti
1230 1811 1409 1880 Antonium

236 1921 432 1987 adiuverunt
462 1921 535 2004 (Dio
560 1921 647 1988 Cass.
672 1922 726 2005 LI,
751 1924 802 1990 22.
847 1922 933 1988 Plnt.
958 1923 1035 1988 Ant.
1067 1941 1097 2002 p.
1129 1919 1203 1987 945.
1249 1920 1327 1986 Hor.
1358 1919 1409 1985 od.

237 2029 295 2111 ΙΙΙ,
319 2031 347 2108 6,
374 2030 414 2093 13
446 2037 491 2109 sq.
515 2019 612 2112 Verg.
636 2029 755 2112 Georg.
783 2031 824 2114 ΙΙ,
854 2031 949 2115 ί194).
995 2030 1112 2112 Pugna
1142 2027 1245 2111 igitur
1272 2025 1413 2096 Actiaca

235 2135 378 2201 Antonio
411 2138 451 2202 ab
484 2135 664 2202 Octaviano
697 2137 825 2202 devicto
856 2141 967 2202 tantos
998 2135 1047 2201 illi
1078 2135 1207 2201 ciebant
1234 2138 1348 2216 motus,
1372 2138 1410 2198 ut

235 2243 278 2308 M.
303 2244 438 2310 Crassus
461 2243 643 2324 insequenti
667 2263 750 2309 anno
780 2246 869 2328 (724)
899 2244 1056 2310 adversus
1085 2262 1140 2308 eos
1169 2261 1239 2309 cum
1264 2240 1411 2306 exercitu

236 2351 422 2416 mitteretur
446 2351 520 2430 (Dio
545 2351 632 2418 Cass.
656 2351 711 2432 LI,
736 2353 799 2435 23).
846 2350 916 2434 Quo
946 2351 1143 2416 factum-ast
1170 2353 1207 2414 nt
1236 2352 1305 2415 tum
1338 2366 1410 2412 cum

235 2458 392 2524 Horatius
410 2459 494 2524 hanc
510 2459 646 2524 satiram
665 2455 804 2542 scripsit,
822 2459 938 2525 curiosi
951 2458 1096 2524 homines
1109 2475 1264 2538 quaerere
1276 2458 1410 2538 possent

236 2585 276 2630 ex
299 2565 447 2649 Horatio,
471 2585 547 2631 num
571 2567 648 2646 quid
672 2566 711 2632 de
734 2567 833 2633 Dacis
857 2566 1046 2633 audivisset.

341 2691 394 2756 Ex
417 2692 523 2756 altera
552 2697 660 2758 autem
684 2691 942 2775 interrogatione
972 2690 1119 2772 sequitur
1139 2695 1184 2756 ‘nt
1214 2687 1307 2753 brevi
1335 2691 1410 2768 post

234 2817 376 2881 pugnam
399 2797 568 2864 Actiacam
592 2803 731 2864 exeunte
759 2819 842 2870 anno
874 2819 903 2864 u.
936 2799 999 2862 723
1029 2797 1132 2862 satira
1155 2795 1333 2877 composita
1356 2793 1409 2860 sit.

238 2904 439 2973 Octavianus
464 2906 547 2970 enim
574 2925 638 2971 non
662 2905 776 2972 statim
798 2910 872 2988 post
902 2925 1044 2990 pugnam
1067 2904 1244 2984 Actiacam,
1259 2975 1260 2978 Ἴ
1277 2902 1334 2968 sed
1363 2900 1409 2965 in·

237 3016 333 3078 eunte
358 3013 483 3078 demum
507 3032 591 3079 anno
616 3033 645 3080 u.
662 3015 679 3076 Ι
683 3016 728 3079 24
745 3013 903 3080 militibus
918 3012 1084 3079 veteranis
1100 3011 1259 3093 promissa
1274 3009 1410 3092 praedia

237 3120 421 3204 assignavit
445 3119 519 3200 (Dio
540 3121 626 3187 Cass.
650 3122 705 3204 LI,
729 3122 749 3185 3
774 3125 807 3186 et
830 3122 871 3205 4).
918 3121 1034 3200 Itaque
1058 3119 1186 3202 11111111,
1211 3137 1282 3184 cum
1305 3119 1345 3182 ab
1370 3135 1408 3180 eo

239 3226 321 3293 nihil
345 3227 552 3310 accepissent,
577 3228 804 3312 gravissimam
828 3228 1020 3294 seditionem
1043 3230 1222 3292 moverunt.
1262 3224 1409 3290 'Praedia

236 3339 344 3401 antem
367 3335 527 3416 promissa
557 3335 697 3400 nondum
731 3339 825 3402 erant
856 3337 1026 3420 assignata
1056 3340 1124 3400 tum
1156 3351 1227 3400 cum
1251 3331 1409 3399 Horatius

236 3443 319 3508 hauc
342 3441 478 3508 satiram
502 3441 641 3524 scripsit,
665 3443 714 3508 ita
737 3447 774 3508 ut
797 3443 948 3524 frequens
972 3448 1058 3508 esset
1081 3461 1185 3507 sermo
1209 3441 1296 3506 inter
1312 3439 1408 3521 cives,

200 3632 202 3636 ¹
237 3555 344 3620 utrum
368 3549 504 3631 praedia
527 3550 635 3616 Sicula
667 3569 709 3616 an
740 3551 827 3616 Itala
859 3553 1021 3619 darentur.
1066 3550 1178 3630 Neque
1209 3553 1298 3615 recte
1329 3546 1409 3612 dicit

234 3656 404 3728 Bentleius
428 3641 541 3744 (praef.
565 3658 639 3741 fin),
664 3659 713 3724 oui
742 3659 841 3724 etiam
864 3657 1076 3724 Heindorfins
1109 3656 1295 3739 assentitur,
1324 3657 1409 3721 hanc

237 3764 528 3849 interrogationem
557 3785 621 3831 non
653 3767 695 3832 ad
722 3767 893 3832 Actiacam
923 3785 1065 3849 pugnam
1095 3764 1298 3831 referendam
1328 3782 1408 3846 esse,

236 3873 292 3943 sed
307 3873 362 3956 agi
372 3873 412 3938 de
421 3893 572 3956 agrorum
586 3874 825 3956 distributione,
842 3893 925 3954 qnae
936 3879 1010 3955 post
1024 3875 1224 3941 Siciliensem
1237 3873 1409 3939 victoriam

237 3981 276 4052 de
300 3980 452 4062 Pompeio
477 3985 678 4063 reportatam
701 3986 736 4047 et
751 3982 867 4063 Lepidi
891 3981 1087 4048 deditionem
1109 3981 1143 4046 in
1160 3980 1410 4062 (1111111111Ιὶ-

236 4088 332 4168 bique
367 4087 457 4154 11111
476 4089 533 4154 'sit
563 4089 637 4176 (Dio
669 4090 756 4154 Cass.
788 4090 909 4172 XLIX,
947 4085 1011 4176 1'4).
1064 4089 1180 4168 ltaque
1215 4092 1276 4154 sat.
1311 4087 1352 4170 ΙΙ,
1388 4092 1408 4154 6

238 4198 377 4261 exeunte
400 4215 428 4264 a.
453 4214 482 4268 u,
508 4197 571 4260 723
595 4195 628 4261 in
652 4196 771 4262 Sabino
797 4195 974 4279 composita
998 4200 1056 4279 est,
1085 4215 1155 4260 cum
1178 4196 1299 4261 milites
1328 4195 1410 4262 sedi-

237 4305 357 4378 tionem
381 4302 538 4392 civernnt,
563 4304 647 4390 quod
664 4309 790 4394 tempus
813 4303 936 4394 placuit
959 4304 1140 4377 Kirchnero
1165 4308 1288 4394 quaest.
1311 4323 1342 4394 p.
1367 4305 1408 4380 19
