3190 4900
672 349 894 432 1.]13..

299 575 367 648 Sat
402 587 511 648 autam
547 583 566 646 2
598 602 662 647 non
694 582 787 648 modo
820 589 881 648 sat.
914 584 943 663 3,
975 577 1031 647 sed
1064 581 1171 665 etiam,
1203 586 1239 648 ut
1270 601 1367 664 supra

193 669 340 770 diximus,
370 695 431 754 sat.
464 692 486 754 4
515 693 658 770 tempore
685 690 861 770 praecedit.
907 690 1018 769 Neque
1047 709 1124 775 vcro
1155 691 1193 754 de
1221 695 1367 769 tempore

193 817 255 878 quo
287 801 348 864 sat.
386 807 406 862 4
443 796 620 878 composita
656 795 708 879 sit,
744 796 807 862 riri
843 797 930 862 docti
965 797 1052 862 iuter
1084 815 1118 862 se
1154 798 1367 862 consentiunt.

192 903 357 970 Frankius
380 923 410 984 p.
435 907 477 969 92
501 923 546 984 sq.
571 910 698 985 tempus
722 905 782 970 hoc
805 904 898 968 modo
924 904 1105 969 constituit:
1130 923 1163 970 1.
1182 906 1226 970 94
1250 905 1368 968 acerba

192 1026 262 1076 cum
279 1010 427 1077 irrisione
445 1011 617 1076 Horatium
633 1010 806 1092 protulisse
830 1010 996 1076 Petillium
1020 1011 1246 1092 Capitolinum,
1271 1029 1364 1090 quem
1384 1052 1387 1066 ·

194 1119 369 1184 Octaviani
386 1119 531 1184 amicitia
554 1124 588 1183 et
612 1118 725 1184 favore
749 1137 840 1184 usum
862 1137 935 1184 esse
963 1118 1159 1184 scholiastae
1184 1121 1367 1198 testantur:

195 1226 287 1306 atqui
321 1226 353 1290 iu
387 1225 560 1292 Octaviani
595 1231 706 1306 partes
737 1229 866 1306 poetam
897 1244 1090 1306 propensum
1121 1225 1191 1289 fieri
1224 1224 1368 1306 coepisse

194 1352 251 1414 per
275 1352 376 1398 annos
399 1354 429 1400 u.
454 1331 566 1396 111-
582 1333 638 1413 203
663 1353 739 1416 ergo
765 1337 825 1398 sat.
849 1333 870 1396 4
894 1337 971 1397 ante
1002 1333 1035 1397 id
1059 1337 1186 1412 tempus
1215 1332 1367 1412 scriptam

196 1459 275 1506 esse.
322 1441 394 1504 Non
418 1459 512 1521 posse
536 1445 644 1505 autem
669 1459 739 1504 eam
764 1439 972 1520 compositam
997 1459 1067 1506 esse
1091 1444 1165 1520 post
1189 1459 1216 1504 a.
1241 1458 1270 1504 u.
1296 1441 1368 1520 116,

195 1567 256 1626 quo
286 1567 369 1612 anuo
399 1546 610 1612 recitationes
639 1547 786 1628 publicae
816 1548 857 1612 ab
880 1546 995 1611 Asinio
1022 1547 1169 1612 Pollione
1198 1545 1368 1611 institutae

195 1655 270 1735 sint,
294 1673 374 1733 quas
398 1657 467 1717 tum
491 1672 561 1718 cnm
586 1655 689 1720 satira
713 1656 835 1736 scripta
859 1655 911 1737 sit,
935 1654 1075 1719 nondum
1099 1652 1246 1718 conditas
1270 1652 1368 1718 tuisse

195 1761 401 1843 intelligatur
425 1781 441 1825 1
465 1779 517 1826 vv.
544 1762 585 1824 14
609 1781 691 1841 sqq:

382 1909 397 1936 ‚.
418 1908 424 1922 .
446 1888 451 1900 ·
472 1909 615 1922 ......
635 1868 663 1921 in
682 1867 771 1922 medio
790 1868 836 1935 qui

322 1958 364 2011 75.
385 1956 494 2024 Scripta
513 1957 573 2010 foro
592 1957 712 2011 recitent
731 1963 795 2011 sunt
813 1957 893 2011 multi
913 1957 1011 2024 quique
1031 1959 1156 2012 lavantes

381 2048 470 2102 Suara
489 2047 563 2099 locus
582 2047 642 2100 voci
661 2053 773 2100 resonat
792 2047 942 2102 conclusus,
980 2048 1084 2100 Jrraues

383 2137 441 2189 Hoc
461 2136 544 2203 iuvat,
565 2136 637 2189 haud
656 2136 725 2190 illud
744 2146 914 2204 quaerentes,
940 2153 1004 2190 num
1023 2136 1081 2190 sinc
1102 2151 1182 2190 sensu

384 2227 518 2292 Tempore
537 2242 601 2279 num
619 2225 725 2280 faciant
744 2227 833 2284 alieno
853 2265 965 2280 .....
969 2229 974 2252 ‘

195 2311 263 2379 Sed
299 2314 338 2380 da
366 2315 498 2380 Petillio
532 2314 586 2380 illo
619 2315 800 2398 Capitolino
836 2315 918 2379 nihil
954 2319 1076 2379 certum
1117 2318 1168 2378 est
1195 2312 1258 2378 nisi
1286 2293 1369 2393 qdod

199 2422 358 2486 Horatius
381 2421 501 2487 tradit:
526 2422 678 2488 hocloco
704 2442 775 2488 eum
792 2422 941 2490 Caesaris
966 2421 1101 2487 amicum
1125 2421 1225 2486 fuisse
1248 2420 1371 2486 1111111-
1446 2417 1447 2426 ’

195 2529 308 2610 gimus.
356 2528 547 2594 Scholiastis
571 2535 677 2594 autern
703 2529 782 2595 fides
806 2528 995 2611 abroganda
1019 2533 1077 2594 est.
1123 2528 1158 2593 Ji
1182 2527 1274 2610 enim,
1299 2532 1370 2591 ute
1420 2567 1421 2578 κ

195 2636 306 2700 multis
329 2635 409 2700 locis
432 2637 466 2700 in
498 2635 697 2717 explicandis
721 2637 832 2703 satiris
857 2637 896 2702 de
919 2639 1015 2702 rebus
1038 2637 1092 2701 111
1122 2635 1268 2716 personis
1300 2654 1371 2699 con-

196 2744 339 2808 iecturas
362 2742 502 2825 faciunt,
533 2743 581 2808 ita
613 2744 711 2809 etiam
735 2745 887 2810 hocloco
912 2745 981 2811 sine
1011 2741 1154 2822 antiquis
1184 2741 1370 2806 auctoribus

197 2851 351 2916 statuisse
375 2850 511 2930 putandi
535 2855 610 2915 sunt
633 2871 696 2916 non
720 2853 812 2916 modo
829 2853 996 2918 Petillium
1020 2849 1165 2916 amicitia
1188 2869 1259 2914 cum
1276 2843 1371 2914 Oeta·

197 2959 294 3023 viano
323 2958 526 3023 coniunctum
558 2956 666 3041 fuisse,
698 2961 754 3025 sed
785 2959 884 3024 etiam
916 2977 1092 3042 cognomen
1123 2956 1298 3037 Capitolini
1330 2956 1371 3020 ad

200 3085 272 3130 eum
296 3067 437 3130 delatum
462 3085 532 3130 esso
555 3071 729 3146 propterea
753 3067 837 3147 quod
866 3067 905 3131 de
936 3086 1054 3131 corona
1077 3065 1172 3130 doris
1196 3062 1371 3144 Capitolini

198 3173 327 3238 sublata
343 3178 513 3238 aecusatus
531 3172 639 3238 fuerit.
674 3175 738 3239 Sed
754 3193 931 3257 cognomen
948 3175 1039 3256 genti
1055 3173 1124 3238 eius
1137 3171 1237 3237 fuisse
1249 3169 1371 3235 nummi

201 3279 384 3346 ostendunt.
431 3281 543 3360 Neque
566 3299 696 3347 necesse
720 3280 784 3345 fuit
815 3286 945 3362 poetam
977 3298 1224 3345 commemorare
1256 3278 1371 3342 recita-

199 3388 306 3453 tiones
337 3389 378 3452 ab
407 3386 522 3451 Asinio
553 3388 699 3452 Pollione
732 3387 910 3470 institutas,
942 3389 999 3454 sed
1031 3388 1095 3452 iam
1127 3388 1276 3452 conditae
1301 3404 1371 3451 esse

197 3498 373 3576 potuerunt
397 3497 465 3557 tum
490 3513 560 3558 cum
592 3495 696 3560 satira
728 3495 850 3575 scripta
882 3500 939 3560 est
987 3495 1144 3559 Horatius
1178 3493 1261 3558 enim
1292 3492 1372 3556 dicit

201 3621 236 3668 se
261 3620 323 3666 uon
348 3601 466 3666 audere
484 3601 606 3682 scripta
630 3621 689 3668 sua
711 3601 744 3666 iu
769 3603 886 3684 vulgus
910 3601 1014 3682 edere,
1037 3620 1142 3680 neque
1165 3600 1304 3666 recitare
1333 3619 1372 3666 ea

200 3710 348 3793 cuiquam
372 3708 435 3773 nisi
459 3707 570 3773 amicis
594 3709 690 3789 idque
708 3715 854 3774 coactum
878 3709 920 3796 (1.
946 3710 985 3773 11
1012 3715 1079 3789 sq),
1104 3707 1240 3772 aliorum
1264 3711 1371 3771 autem

198 3799 331 3882 vocibus
354 3834 506 3880 resonare
530 3814 635 3880 forum
658 3817 711 3882 111
734 3817 860 3883 balnea.

306 3942 416 4021 Neque
441 3959 512 4007 11.
537 3943 576 4005 21
604 3960 648 4021 sq.

485 4090 490 4116 ,
494 4089 687 4102 ........
707 4049 810 4121 Beatus
829 4046 952 4101 Fannius
971 4048 1044 4100 ultro

484 4137 590 4192 Delatis
611 4138 700 4205 capsis
721 4143 749 4191 et
768 4137 896 4205 imagine,
918 4177 1059 4191 ......
1063 4137 1068 4161 ‘

201 4229 239 4294 de
264 4228 385 4295 satirae
409 4233 555 4308 tempore
580 4228 662 4292 certi
686 4227 858 4307 quidquam
882 4225 991 4307 colligi
1007 4230 1124 4306 potest.
1170 4223 1372 4289 Scholiastae

201 4337 284 4402 1111111
316 4336 451 4401 tradunt
483 4335 626 4398 carmina
657 4340 690 4398 et
722 4334 893 4416 imaginem
928 4332 1047 4396 Fannii
1083 4331 1116 4396 iu
1158 4331 1372 4395 bibliothecas

201 4444 311 4509 delata
335 4462 426 4522 esse;
451 4460 550 4518 quare
573 4440 668 4506 multi
692 4441 887 4522 interpretes
911 4442 1069 4518 quaerunt
1093 4443 1201 4502 utrum
1224 4437 1372 4518 publicae
