<?xml version="1.0" encoding="UTF-8"?>
<!DOCTYPE html PUBLIC "-//W3C//DTD XHTML 1.0 Transitional//EN"
    "http://www.w3.org/TR/xhtml1/DTD/xhtml1-transitional.dtd">
<html xmlns="http://www.w3.org/1999/xhtml" xml:lang="en" lang="en">
 <head>
  <title>
</title>
<meta http-equiv="Content-Type" content="text/html;charset=utf-8" />
  <meta name='ocr-system' content='tesseract 3.04.00' />
  <meta name='ocr-capabilities' content='ocr_page ocr_carea ocr_par ocr_line ocrx_word'/>
</head>
<body>
  <div class='ocr_page' id='page_1' title='image "./deeditioneutriu00brangoog_0032.png"; bbox 0 0 3190 4900; ppageno 0'>
   <div class='ocr_carea' id='block_1_1' title="bbox 658 347 882 410">
    <p class='ocr_par' dir='ltr' id='par_1_1' title="bbox 658 347 882 410">
     <span class='ocr_line' id='line_1_1' title="bbox 658 347 882 410; baseline 0.009 -16"><span class='ocrx_word' id='word_1_1' title='bbox 658 347 882 410; x_wconf 66' lang='lat'>..27-</span> 
     </span>
    </p>
   </div>
   <div class='ocr_carea' id='block_1_2' title="bbox 177 557 1415 1931">
    <p class='ocr_par' dir='ltr' id='par_1_2' title="bbox 177 557 1415 1931">
     <span class='ocr_line' id='line_1_2' title="bbox 186 557 1359 676; baseline 0 -52"><span class='ocrx_word' id='word_1_2' title='bbox 186 559 220 624; x_wconf 87' lang='lat' dir='ltr'>in</span> <span class='ocrx_word' id='word_1_3' title='bbox 251 560 414 654; x_wconf 90' lang='lat' dir='ltr'>publicum</span> <span class='ocrx_word' id='word_1_4' title='bbox 444 557 634 676; x_wconf 62' lang='lat' dir='ltr'>prodierint.</span> <span class='ocrx_word' id='word_1_5' title='bbox 698 561 761 626; x_wconf 84' lang='lat' dir='ltr'>Sed</span> <span class='ocrx_word' id='word_1_6' title='bbox 793 579 875 641; x_wconf 90' lang='lat' dir='ltr'>quae</span> <span class='ocrx_word' id='word_1_7' title='bbox 911 561 1037 644; x_wconf 84' lang='lat' dir='ltr'>profert</span> <span class='ocrx_word' id='word_1_8' title='bbox 1064 559 1245 642; x_wconf 76' lang='grc'>1661161166,</span> <span class='ocrx_word' id='word_1_9' title='bbox 1277 559 1359 624; x_wconf 82' lang='lat' dir='ltr'>nihil</span> 
     </span>
     <span class='ocr_line' id='line_1_3' title="bbox 187 666 1359 750; baseline -0.002 -17"><span class='ocrx_word' id='word_1_10' title='bbox 187 667 256 733; x_wconf 82' lang='lat' dir='ltr'>t&#39;ere</span> <span class='ocrx_word' id='word_1_11' title='bbox 291 667 456 749; x_wconf 76' lang='lat' dir='ltr'><strong>pertinent</strong></span> <span class='ocrx_word' id='word_1_12' title='bbox 490 666 532 734; x_wconf 92' lang='lat' dir='ltr'>ad</span> <span class='ocrx_word' id='word_1_13' title='bbox 567 671 712 734; x_wconf 89' lang='lat' dir='ltr'>nostram</span> <span class='ocrx_word' id='word_1_14' title='bbox 751 667 932 750; x_wconf 81' lang='lat' dir='ltr'>opinionem</span> <span class='ocrx_word' id='word_1_15' title='bbox 970 666 1186 734; x_wconf 81' lang='lat' dir='ltr'>refutandam.</span> <span class='ocrx_word' id='word_1_16' title='bbox 1250 667 1359 747; x_wconf 86' lang='lat' dir='ltr'>Atque</span> 
     </span>
     <span class='ocr_line' id='line_1_4' title="bbox 187 755 1372 858; baseline 0.001 -20"><span class='ocrx_word' id='word_1_17' title='bbox 187 773 345 842; x_wconf 77' lang='lat' dir='ltr'>Horatius</span> <span class='ocrx_word' id='word_1_18' title='bbox 368 755 476 857; x_wconf 75' lang='lat' dir='ltr'>potius</span> <span class='ocrx_word' id='word_1_19' title='bbox 499 777 670 858; x_wconf 80' lang='lat' dir='ltr'>postquam</span> <span class='ocrx_word' id='word_1_20' title='bbox 694 775 862 841; x_wconf 87' lang='lat' dir='ltr'>consilium</span> <span class='ocrx_word' id='word_1_21' title='bbox 885 775 972 857; x_wconf 92' lang='lat' dir='ltr'>cepit</span> <span class='ocrx_word' id='word_1_22' title='bbox 995 774 1142 858; x_wconf 86' lang='lat' dir='ltr'>singulas</span> <span class='ocrx_word' id='word_1_23' title='bbox 1158 773 1278 841; x_wconf 88' lang='lat' dir='ltr'>satiras</span> <span class='ocrx_word' id='word_1_24' title='bbox 1294 774 1372 839; x_wconf 85' lang='lat' dir='ltr'>iam·</span> 
     </span>
     <span class='ocr_line' id='line_1_5' title="bbox 188 875 1363 966; baseline 0.001 -20"><span class='ocrx_word' id='word_1_25' title='bbox 188 880 294 948; x_wconf 90' lang='lat' dir='ltr'>editas</span> <span class='ocrx_word' id='word_1_26' title='bbox 318 883 472 966; x_wconf 87' lang='lat' dir='ltr'>colligere</span> <span class='ocrx_word' id='word_1_27' title='bbox 497 881 713 964; x_wconf 85' lang='lat' dir='ltr'>collectasque</span> <span class='ocrx_word' id='word_1_28' title='bbox 737 882 771 948; x_wconf 94' lang='lat' dir='ltr'>in</span> <span class='ocrx_word' id='word_1_29' title='bbox 794 901 891 949; x_wconf 89' lang='lat' dir='ltr'>unum</span> <span class='ocrx_word' id='word_1_30' title='bbox 913 901 1029 966; x_wconf 89' lang='lat' dir='ltr'>corpus</span> <span class='ocrx_word' id='word_1_31' title='bbox 1044 875 1196 948; x_wconf 90' lang='lat' dir='ltr'>redactas</span> <span class='ocrx_word' id='word_1_32' title='bbox 1211 881 1245 948; x_wconf 86' lang='lat' dir='ltr'>in</span> <span class='ocrx_word' id='word_1_33' title='bbox 1261 879 1363 962; x_wconf 86' lang='lat' dir='ltr'>publi·</span> 
     </span>
     <span class='ocr_line' id='line_1_6' title="bbox 177 970 1362 1074; baseline 0.001 -20"><span class='ocrx_word' id='word_1_34' title='bbox 177 995 259 1060; x_wconf 81' lang='grc'>666</span> <span class='ocrx_word' id='word_1_35' title='bbox 282 989 441 1074; x_wconf 91' lang='lat' dir='ltr'>emittere,</span> <span class='ocrx_word' id='word_1_36' title='bbox 465 995 525 1058; x_wconf 87' lang='lat' dir='ltr'>sat.</span> <span class='ocrx_word' id='word_1_37' title='bbox 552 992 567 1056; x_wconf 94' lang='lat' dir='ltr'>l</span> <span class='ocrx_word' id='word_1_38' title='bbox 593 993 627 1056; x_wconf 91' lang='lat' dir='ltr'>et</span> <span class='ocrx_word' id='word_1_39' title='bbox 654 991 695 1056; x_wconf 90' lang='lat'>10</span> <span class='ocrx_word' id='word_1_40' title='bbox 719 990 934 1072; x_wconf 85' lang='lat' dir='ltr'>composuisse</span> <span class='ocrx_word' id='word_1_41' title='bbox 962 989 1125 1072; x_wconf 88' lang='lat' dir='ltr'>putandus</span> <span class='ocrx_word' id='word_1_42' title='bbox 1156 993 1216 1073; x_wconf 86' lang='lat' dir='ltr'>est,</span> <span class='ocrx_word' id='word_1_43' title='bbox 1248 970 1291 1054; x_wconf 70' lang='lat' dir='ltr'>ut‘</span> <span class='ocrx_word' id='word_1_44' title='bbox 1307 1007 1362 1055; x_wconf 88' lang='lat' dir='ltr'>eas</span> 
     </span>
     <span class='ocr_line' id='line_1_7' title="bbox 189 1095 1415 1190; baseline 0.005 -30"><span class='ocrx_word' id='word_1_45' title='bbox 189 1096 253 1161; x_wconf 90' lang='lat' dir='ltr'>toti</span> <span class='ocrx_word' id='word_1_46' title='bbox 280 1096 364 1162; x_wconf 90' lang='lat' dir='ltr'>libro</span> <span class='ocrx_word' id='word_1_47' title='bbox 388 1098 511 1164; x_wconf 90' lang='lat' dir='ltr'>edendo</span> <span class='ocrx_word' id='word_1_48' title='bbox 535 1099 619 1164; x_wconf 90' lang='grc'>1666</span> <span class='ocrx_word' id='word_1_49' title='bbox 643 1096 883 1180; x_wconf 89' lang='lat' dir='ltr'>prologi.illam</span> <span class='ocrx_word' id='word_1_50' title='bbox 906 1096 1027 1181; x_wconf 80' lang='lat' dir='ltr'>epilogi</span> <span class='ocrx_word' id='word_1_51' title='bbox 1050 1097 1121 1164; x_wconf 91' lang='lat' dir='ltr'>loco</span> <span class='ocrx_word' id='word_1_52' title='bbox 1145 1095 1288 1190; x_wconf 68' lang='lat' dir='ltr'>adderet.</span> <span class='ocrx_word' id='word_1_53' title='bbox 1411 1156 1415 1166; x_wconf 87' lang='grc'><em>,</em></span> 
     </span>
     <span class='ocr_line' id='line_1_8' title="bbox 213 1203 1364 1286; baseline 0 -18"><span class='ocrx_word' id='word_1_54' title='bbox 213 1243 216 1250; x_wconf 90' lang='lat'><em>·</em></span> <span class='ocrx_word' id='word_1_55' title='bbox 295 1203 464 1286; x_wconf 89' lang='lat' dir='ltr'>Zumptius</span> <span class='ocrx_word' id='word_1_56' title='bbox 473 1225 551 1272; x_wconf 87' lang='lat' dir='ltr'>vero</span> <span class='ocrx_word' id='word_1_57' title='bbox 565 1224 593 1286; x_wconf 93' lang='lat' dir='ltr'>p.</span> <span class='ocrx_word' id='word_1_58' title='bbox 604 1206 647 1272; x_wconf 80' lang='lat'>26</span> <span class='ocrx_word' id='word_1_59' title='bbox 662 1205 862 1286; x_wconf 88' lang='lat' dir='ltr'>probandam</span> <span class='ocrx_word' id='word_1_60' title='bbox 874 1223 939 1271; x_wconf 88' lang='lat' dir='ltr'>nou</span> <span class='ocrx_word' id='word_1_61' title='bbox 954 1223 1025 1270; x_wconf 89' lang='lat' dir='ltr'>esse</span> <span class='ocrx_word' id='word_1_62' title='bbox 1041 1204 1122 1270; x_wconf 92' lang='lat' dir='ltr'>dicit</span> <span class='ocrx_word' id='word_1_63' title='bbox 1137 1203 1364 1270; x_wconf 89' lang='lat' dir='ltr'>Bentleianam</span> 
     </span>
     <span class='ocr_line' id='line_1_9' title="bbox 189 1310 1364 1396; baseline -0.001 -20"><span class='ocrx_word' id='word_1_64' title='bbox 189 1310 371 1396; x_wconf 88' lang='lat' dir='ltr'>opmiouem</span> <span class='ocrx_word' id='word_1_65' title='bbox 404 1310 444 1378; x_wconf 94' lang='lat' dir='ltr'>de</span> <span class='ocrx_word' id='word_1_66' title='bbox 475 1316 629 1394; x_wconf 89' lang='lat' dir='ltr'>separata</span> <span class='ocrx_word' id='word_1_67' title='bbox 660 1311 811 1394; x_wconf 91' lang='lat' dir='ltr'>editione,</span> <span class='ocrx_word' id='word_1_68' title='bbox 842 1331 918 1379; x_wconf 89' lang='lat' dir='ltr'>nam</span> <span class='ocrx_word' id='word_1_69' title='bbox 949 1311 1096 1378; x_wconf 82' lang='lat' dir='ltr'>clausula</span> <span class='ocrx_word' id='word_1_70' title='bbox 1123 1310 1181 1378; x_wconf 92' lang='lat' dir='ltr'>illa</span> <span class='ocrx_word' id='word_1_71' title='bbox 1218 1311 1252 1394; x_wconf 87' lang='lat' dir='ltr'>,I,</span> <span class='ocrx_word' id='word_1_72' title='bbox 1274 1330 1364 1393; x_wconf 88' lang='lat' dir='ltr'>puer,</span> 
     </span>
     <span class='ocr_line' id='line_1_10' title="bbox 190 1416 1364 1498; baseline -0.001 -15"><span class='ocrx_word' id='word_1_73' title='bbox 190 1421 288 1498; x_wconf 89' lang='lat' dir='ltr'>atque</span> <span class='ocrx_word' id='word_1_74' title='bbox 311 1437 380 1484; x_wconf 91' lang='lat' dir='ltr'>meo</span> <span class='ocrx_word' id='word_1_75' title='bbox 406 1418 490 1486; x_wconf 88' lang='lat' dir='ltr'>citus</span> <span class='ocrx_word' id='word_1_76' title='bbox 513 1420 595 1486; x_wconf 90' lang='lat' dir='ltr'>haec</span> <span class='ocrx_word' id='word_1_77' title='bbox 618 1418 783 1486; x_wconf 87' lang='lat' dir='ltr'>subscribe</span> <span class='ocrx_word' id='word_1_78' title='bbox 807 1418 926 1485; x_wconf 88' lang='lat' dir='ltr'>libello‘</span> <span class='ocrx_word' id='word_1_79' title='bbox 951 1419 1034 1485; x_wconf 93' lang='lat' dir='ltr'>nihil</span> <span class='ocrx_word' id='word_1_80' title='bbox 1057 1418 1274 1487; x_wconf 88' lang='lat' dir='ltr'>demonstrari</span> <span class='ocrx_word' id='word_1_81' title='bbox 1301 1416 1364 1482; x_wconf 89' lang='lat' dir='ltr'>nisi</span> 
     </span>
     <span class='ocr_line' id='line_1_11' title="bbox 190 1523 1365 1607; baseline -0.002 -17"><span class='ocrx_word' id='word_1_82' title='bbox 190 1523 341 1591; x_wconf 84' lang='lat' dir='ltr'>divisisse</span> <span class='ocrx_word' id='word_1_83' title='bbox 357 1525 530 1592; x_wconf 89' lang='lat' dir='ltr'>Horatium</span> <span class='ocrx_word' id='word_1_84' title='bbox 553 1527 587 1593; x_wconf 93' lang='lat' dir='ltr'>in</span> <span class='ocrx_word' id='word_1_85' title='bbox 603 1527 683 1592; x_wconf 92' lang='lat' dir='ltr'>duos</span> <span class='ocrx_word' id='word_1_86' title='bbox 698 1526 800 1592; x_wconf 91' lang='lat' dir='ltr'>libros</span> <span class='ocrx_word' id='word_1_87' title='bbox 816 1529 921 1592; x_wconf 92' lang='lat' dir='ltr'>totam</span> <span class='ocrx_word' id='word_1_88' title='bbox 942 1525 1117 1591; x_wconf 87' lang='lat' dir='ltr'>satirarum</span> <span class='ocrx_word' id='word_1_89' title='bbox 1133 1524 1365 1607; x_wconf 82' lang='lat' dir='ltr'>collectionem,</span> 
     </span>
     <span class='ocr_line' id='line_1_12' title="bbox 190 1631 1366 1716; baseline -0.002 -18"><span class='ocrx_word' id='word_1_90' title='bbox 190 1637 375 1714; x_wconf 85' lang='lat' dir='ltr'>separatam</span> <span class='ocrx_word' id='word_1_91' title='bbox 407 1637 515 1700; x_wconf 86' lang='lat' dir='ltr'>autem</span> <span class='ocrx_word' id='word_1_92' title='bbox 548 1633 666 1716; x_wconf 90' lang='lat' dir='ltr'>prioris</span> <span class='ocrx_word' id='word_1_93' title='bbox 698 1633 776 1700; x_wconf 92' lang='lat' dir='ltr'>libri</span> <span class='ocrx_word' id='word_1_94' title='bbox 810 1633 986 1700; x_wconf 89' lang='lat' dir='ltr'>editionem</span> <span class='ocrx_word' id='word_1_95' title='bbox 1019 1633 1095 1698; x_wconf 90' lang='lat' dir='ltr'>inde</span> <span class='ocrx_word' id='word_1_96' title='bbox 1123 1631 1274 1716; x_wconf 82' lang='lat' dir='ltr'>cognosci</span> <span class='ocrx_word' id='word_1_97' title='bbox 1301 1650 1366 1696; x_wconf 93' lang='lat' dir='ltr'>non</span> 
     </span>
     <span class='ocr_line' id='line_1_13' title="bbox 190 1737 1366 1822; baseline -0.002 -18"><span class='ocrx_word' id='word_1_98' title='bbox 190 1759 293 1822; x_wconf 90' lang='lat' dir='ltr'>posse,</span> <span class='ocrx_word' id='word_1_99' title='bbox 317 1739 346 1806; x_wconf 89' lang='grc'>61</span> <span class='ocrx_word' id='word_1_100' title='bbox 369 1759 486 1806; x_wconf 86' lang='lat' dir='ltr'>revera</span> <span class='ocrx_word' id='word_1_101' title='bbox 508 1741 654 1808; x_wconf 91' lang='lat' dir='ltr'>libellum</span> <span class='ocrx_word' id='word_1_102' title='bbox 677 1760 740 1806; x_wconf 92' lang='lat' dir='ltr'>non</span> <span class='ocrx_word' id='word_1_103' title='bbox 768 1759 866 1806; x_wconf 88' lang='lat' dir='ltr'>unam</span> <span class='ocrx_word' id='word_1_104' title='bbox 881 1741 1020 1806; x_wconf 88' lang='lat' dir='ltr'>satiram</span> <span class='ocrx_word' id='word_1_105' title='bbox 1037 1737 1166 1822; x_wconf 85' lang='lat' dir='ltr'>dixerit,</span> <span class='ocrx_word' id='word_1_106' title='bbox 1189 1739 1247 1804; x_wconf 92' lang='grc'>661</span> <span class='ocrx_word' id='word_1_107' title='bbox 1262 1741 1366 1804; x_wconf 89' lang='grc'>16166</span> 
     </span>
     <span class='ocr_line' id='line_1_14' title="bbox 192 1844 1366 1931; baseline 0 -18"><span class='ocrx_word' id='word_1_108' title='bbox 192 1847 414 1921; x_wconf 84' lang='lat' dir='ltr'>collectionem</span> <span class='ocrx_word' id='word_1_109' title='bbox 438 1849 548 1917; x_wconf 90' lang='lat' dir='ltr'>decem</span> <span class='ocrx_word' id='word_1_110' title='bbox 571 1850 756 1917; x_wconf 87' lang='lat' dir='ltr'>satirarum.</span> <span class='ocrx_word' id='word_1_111' title='bbox 803 1848 867 1916; x_wconf 83' lang='lat' dir='ltr'>Sed</span> <span class='ocrx_word' id='word_1_112' title='bbox 890 1867 962 1915; x_wconf 90' lang='lat' dir='ltr'>cum</span> <span class='ocrx_word' id='word_1_113' title='bbox 979 1844 1100 1914; x_wconf 87' lang='grc'>66110</span> <span class='ocrx_word' id='word_1_114' title='bbox 1117 1847 1280 1931; x_wconf 82' lang='lat' dir='ltr'>epilogum</span> <span class='ocrx_word' id='word_1_115' title='bbox 1295 1864 1366 1913; x_wconf 89' lang='grc'>6666</span> 
     </span>
    </p>
   </div>
   <div class='ocr_carea' id='block_1_3' title="bbox 191 1955 1368 2256">
    <p class='ocr_par' dir='ltr' id='par_1_3' title="bbox 191 1955 1368 2256">
     <span class='ocr_line' id='line_1_15' title="bbox 192 1955 1367 2041; baseline -0.002 -19"><span class='ocrx_word' id='word_1_116' title='bbox 192 1955 435 2041; x_wconf 72' lang='lat' dir='ltr'>ostenderimus</span> <span class='ocrx_word' id='word_1_117' title='bbox 459 1957 606 2041; x_wconf 81' lang='lat' dir='ltr'>,libellus‘</span> <span class='ocrx_word' id='word_1_118' title='bbox 628 1977 693 2024; x_wconf 91' lang='lat' dir='ltr'>non</span> <span class='ocrx_word' id='word_1_119' title='bbox 717 1956 759 2024; x_wconf 94' lang='grc'>61</span> <span class='ocrx_word' id='word_1_120' title='bbox 789 1956 926 2022; x_wconf 89' lang='lat' dir='ltr'>satiram</span> <span class='ocrx_word' id='word_1_121' title='bbox 960 1955 1070 2039; x_wconf 88' lang='lat' dir='ltr'>solam,</span> <span class='ocrx_word' id='word_1_122' title='bbox 1101 1955 1159 2022; x_wconf 89' lang='lat' dir='ltr'>sed</span> <span class='ocrx_word' id='word_1_123' title='bbox 1190 1955 1232 2020; x_wconf 90' lang='grc'>61</span> <span class='ocrx_word' id='word_1_124' title='bbox 1262 1957 1367 2020; x_wconf 92' lang='lat' dir='ltr'>totum</span> 
     </span>
     <span class='ocr_line' id='line_1_16' title="bbox 191 2061 1367 2146; baseline -0.003 -18"><span class='ocrx_word' id='word_1_125' title='bbox 191 2061 367 2128; x_wconf 88' lang='lat' dir='ltr'>satirarum</span> <span class='ocrx_word' id='word_1_126' title='bbox 382 2064 501 2131; x_wconf 94' lang='lat' dir='ltr'>librum</span> <span class='ocrx_word' id='word_1_127' title='bbox 517 2064 633 2131; x_wconf 82' lang='lat' dir='ltr'>referri</span> <span class='ocrx_word' id='word_1_128' title='bbox 656 2068 774 2146; x_wconf 86' lang='lat' dir='ltr'>potest.</span> <span class='ocrx_word' id='word_1_129' title='bbox 820 2062 884 2129; x_wconf 90' lang='lat' dir='ltr'>Sed</span> <span class='ocrx_word' id='word_1_130' title='bbox 901 2063 1052 2143; x_wconf 89' lang='lat' dir='ltr'>quoniam</span> <span class='ocrx_word' id='word_1_131' title='bbox 1068 2067 1130 2128; x_wconf 88' lang='lat' dir='ltr'>sat.</span> <span class='ocrx_word' id='word_1_132' title='bbox 1148 2063 1190 2126; x_wconf 91' lang='lat'>10</span> <span class='ocrx_word' id='word_1_133' title='bbox 1206 2061 1367 2145; x_wconf 89' lang='lat' dir='ltr'>epilogum</span> 
     </span>
     <span class='ocr_line' id='line_1_17' title="bbox 191 2167 1368 2256; baseline -0.001 -20"><span class='ocrx_word' id='word_1_134' title='bbox 191 2188 263 2236; x_wconf 89' lang='lat' dir='ltr'>esse</span> <span class='ocrx_word' id='word_1_135' title='bbox 287 2171 493 2256; x_wconf 86' lang='grc'>6616611666,</span> <span class='ocrx_word' id='word_1_136' title='bbox 517 2175 655 2255; x_wconf 89' lang='lat' dir='ltr'>apparet</span> <span class='ocrx_word' id='word_1_137' title='bbox 678 2189 808 2238; x_wconf 86' lang='lat' dir='ltr'>versum</span> <span class='ocrx_word' id='word_1_138' title='bbox 830 2189 894 2237; x_wconf 94' lang='lat' dir='ltr'>non</span> <span class='ocrx_word' id='word_1_139' title='bbox 919 2170 1069 2236; x_wconf 85' lang='lat' dir='ltr'>adhunc</span> <span class='ocrx_word' id='word_1_140' title='bbox 1096 2169 1199 2236; x_wconf 86' lang='lat' dir='ltr'>solam</span> <span class='ocrx_word' id='word_1_141' title='bbox 1226 2173 1288 2236; x_wconf 90' lang='lat' dir='ltr'>sat.</span> <span class='ocrx_word' id='word_1_142' title='bbox 1311 2167 1368 2235; x_wconf 89' lang='lat' dir='ltr'>sed</span> 
     </span>
    </p>
   </div>
   <div class='ocr_carea' id='block_1_4' title="bbox 192 1873 1592 2348">
    <p class='ocr_par' dir='ltr' id='par_1_4' title="bbox 192 1873 1592 4728">
     <span class='ocr_line' id='line_1_18' title="bbox 1591 1873 1592 1930; baseline 0 0"><span class='ocrx_word' id='word_1_143' title='bbox 1591 1873 1592 1930; x_wconf 87' lang='lat' dir='ltr'>l</span> 
     </span>
     <span class='ocr_line' id='line_1_19' title="bbox 1591 1937 1592 1988; baseline 0 0"><span class='ocrx_word' id='word_1_144' title='bbox 1591 1937 1592 1988; x_wconf 83' lang='lat' dir='ltr'>l</span> 
     </span>
     <span class='ocr_line' id='line_1_20' title="bbox 1591 2003 1592 2044; baseline 0 0"><span class='ocrx_word' id='word_1_145' title='bbox 1591 2003 1592 2044; x_wconf 87' lang='lat' dir='ltr'>l</span> 
     </span>
     <span class='ocr_line' id='line_1_21' title="bbox 192 2276 921 2348; baseline -0.001 -6"><span class='ocrx_word' id='word_1_146' title='bbox 192 2276 236 2343; x_wconf 91' lang='lat' dir='ltr'>ad</span> <span class='ocrx_word' id='word_1_147' title='bbox 259 2281 364 2346; x_wconf 88' lang='grc'>16166</span> <span class='ocrx_word' id='word_1_148' title='bbox 386 2285 448 2348; x_wconf 90' lang='lat' dir='ltr'>sat.</span> <span class='ocrx_word' id='word_1_149' title='bbox 472 2280 591 2348; x_wconf 91' lang='lat' dir='ltr'>librum</span> <span class='ocrx_word' id='word_1_150' title='bbox 614 2278 818 2345; x_wconf 77' lang='lat' dir='ltr'>referendum</span> <span class='ocrx_word' id='word_1_151' title='bbox 842 2297 921 2344; x_wconf 90' lang='lat' dir='ltr'>esse.</span> 
     </span>
    </p>
   </div>
   <div class='ocr_carea' id='block_1_5' title="bbox 131 2385 1435 4520">
    <p class='ocr_par' dir='ltr' id='par_1_5' title="bbox 186 2385 1370 2682">
     <span class='ocr_line' id='line_1_22' title="bbox 300 2385 1369 2470; baseline -0.002 -20"><span class='ocrx_word' id='word_1_152' title='bbox 300 2385 437 2454; x_wconf 88' lang='lat' dir='ltr'>Accedit</span> <span class='ocrx_word' id='word_1_153' title='bbox 458 2391 567 2455; x_wconf 88' lang='lat' dir='ltr'>autem</span> <span class='ocrx_word' id='word_1_154' title='bbox 583 2385 673 2455; x_wconf 90' lang='lat' dir='ltr'>aliud</span> <span class='ocrx_word' id='word_1_155' title='bbox 688 2390 924 2470; x_wconf 86' lang='lat' dir='ltr'>argumentum,</span> <span class='ocrx_word' id='word_1_156' title='bbox 948 2403 1010 2466; x_wconf 92' lang='lat' dir='ltr'>quo</span> <span class='ocrx_word' id='word_1_157' title='bbox 1025 2385 1183 2466; x_wconf 88' lang='lat' dir='ltr'>probatur</span> <span class='ocrx_word' id='word_1_158' title='bbox 1198 2388 1369 2464; x_wconf 89' lang='lat' dir='ltr'>utrumque</span> 
     </span>
     <span class='ocr_line' id='line_1_23' title="bbox 186 2490 1366 2581; baseline -0.001 -25"><span class='ocrx_word' id='word_1_159' title='bbox 186 2491 312 2581; x_wconf 82' lang='lat' dir='ltr'>librum</span> <span class='ocrx_word' id='word_1_160' title='bbox 336 2495 512 2574; x_wconf 89' lang='lat' dir='ltr'>separatim</span> <span class='ocrx_word' id='word_1_161' title='bbox 536 2494 724 2578; x_wconf 86' lang='lat' dir='ltr'>evulgatum</span> <span class='ocrx_word' id='word_1_162' title='bbox 740 2511 819 2560; x_wconf 90' lang='lat' dir='ltr'>esse.</span> <span class='ocrx_word' id='word_1_163' title='bbox 865 2490 1063 2558; x_wconf 86' lang='lat' dir='ltr'>Posterioris</span> <span class='ocrx_word' id='word_1_164' title='bbox 1078 2491 1163 2557; x_wconf 93' lang='lat' dir='ltr'>enim</span> <span class='ocrx_word' id='word_1_165' title='bbox 1178 2490 1255 2556; x_wconf 89' lang='lat' dir='ltr'>libri</span> <span class='ocrx_word' id='word_1_166' title='bbox 1270 2495 1331 2557; x_wconf 91' lang='grc'>661.</span> <span class='ocrx_word' id='word_1_167' title='bbox 1350 2492 1366 2554; x_wconf 92' lang='grc'>1</span> 
     </span>
     <span class='ocr_line' id='line_1_24' title="bbox 195 2598 1370 2682; baseline -0.003 -16"><span class='ocrx_word' id='word_1_168' title='bbox 195 2599 270 2666; x_wconf 89' lang='grc'>1616</span> <span class='ocrx_word' id='word_1_169' title='bbox 286 2599 369 2666; x_wconf 91' lang='lat' dir='ltr'>libro</span> <span class='ocrx_word' id='word_1_170' title='bbox 386 2602 565 2682; x_wconf 89' lang='lat' dir='ltr'>praemissa</span> <span class='ocrx_word' id='word_1_171' title='bbox 573 2606 624 2668; x_wconf 90' lang='lat' dir='ltr'>est</span> <span class='ocrx_word' id='word_1_172' title='bbox 641 2602 683 2666; x_wconf 91' lang='lat' dir='ltr'>ad</span> <span class='ocrx_word' id='word_1_173' title='bbox 698 2601 905 2668; x_wconf 89' lang='lat' dir='ltr'>indicandum</span> <span class='ocrx_word' id='word_1_174' title='bbox 920 2617 1040 2667; x_wconf 85' lang='lat' dir='ltr'>novum</span> <span class='ocrx_word' id='word_1_175' title='bbox 1052 2598 1228 2665; x_wconf 86' lang='lat' dir='ltr'>satirarum</span> <span class='ocrx_word' id='word_1_176' title='bbox 1242 2598 1370 2679; x_wconf 88' lang='lat' dir='ltr'>librum,</span> 
     </span>
    </p>

    <p class='ocr_par' dir='ltr' id='par_1_6' title="bbox 131 2705 1435 3314">
     <span class='ocr_line' id='line_1_25' title="bbox 131 2705 1371 2794; baseline -0.002 -22"><span class='ocrx_word' id='word_1_177' title='bbox 131 2719 134 2724; x_wconf 85' lang='grc'><em>·</em></span> <span class='ocrx_word' id='word_1_178' title='bbox 193 2712 232 2772; x_wconf 90' lang='grc'>61</span> <span class='ocrx_word' id='word_1_179' title='bbox 256 2726 354 2790; x_wconf 90' lang='lat' dir='ltr'>supra</span> <span class='ocrx_word' id='word_1_180' title='bbox 369 2711 587 2794; x_wconf 87' lang='lat' dir='ltr'>cognovimus,</span> <span class='ocrx_word' id='word_1_181' title='bbox 611 2729 682 2776; x_wconf 93' lang='lat' dir='ltr'>cum</span> <span class='ocrx_word' id='word_1_182' title='bbox 698 2709 820 2776; x_wconf 90' lang='lat' dir='ltr'>satirae</span> <span class='ocrx_word' id='word_1_183' title='bbox 839 2714 966 2789; x_wconf 90' lang='lat' dir='ltr'>tempus</span> <span class='ocrx_word' id='word_1_184' title='bbox 982 2706 1259 2772; x_wconf 87' lang='lat' dir='ltr'>constitueremus.</span> <span class='ocrx_word' id='word_1_185' title='bbox 1305 2705 1371 2770; x_wconf 89' lang='lat' dir='ltr'>Ita·</span> 
     </span>
     <span class='ocr_line' id='line_1_26' title="bbox 195 2809 1371 2898; baseline -0.004 -16"><span class='ocrx_word' id='word_1_186' title='bbox 195 2834 258 2896; x_wconf 85' lang='lat' dir='ltr'>que</span> <span class='ocrx_word' id='word_1_187' title='bbox 274 2817 490 2882; x_wconf 89' lang='lat' dir='ltr'>assentiamur</span> <span class='ocrx_word' id='word_1_188' title='bbox 505 2835 636 2884; x_wconf 85' lang='lat' dir='ltr'>necesse</span> <span class='ocrx_word' id='word_1_189' title='bbox 648 2815 863 2898; x_wconf 84' lang='lat' dir='ltr'>estFrankio,</span> <span class='ocrx_word' id='word_1_190' title='bbox 887 2814 942 2895; x_wconf 93' lang='lat' dir='ltr'>qui</span> <span class='ocrx_word' id='word_1_191' title='bbox 957 2833 987 2896; x_wconf 89' lang='lat' dir='ltr'>p.</span> <span class='ocrx_word' id='word_1_192' title='bbox 1004 2814 1047 2878; x_wconf 83' lang='lat'>35</span> <span class='ocrx_word' id='word_1_193' title='bbox 1064 2813 1153 2896; x_wconf 92' lang='lat' dir='ltr'>dicit,</span> <span class='ocrx_word' id='word_1_194' title='bbox 1169 2815 1197 2880; x_wconf 88' lang='lat' dir='ltr'>si</span> <span class='ocrx_word' id='word_1_195' title='bbox 1213 2809 1371 2879; x_wconf 81' lang='lat' dir='ltr'>Horatius</span> 
     </span>
     <span class='ocr_line' id='line_1_27' title="bbox 196 2919 1370 3004; baseline -0.003 -16"><span class='ocrx_word' id='word_1_196' title='bbox 196 2928 369 3004; x_wconf 88' lang='lat' dir='ltr'>utrumque</span> <span class='ocrx_word' id='word_1_197' title='bbox 384 2924 503 2989; x_wconf 91' lang='lat' dir='ltr'>librum</span> <span class='ocrx_word' id='word_1_198' title='bbox 519 2925 614 2990; x_wconf 89' lang='lat' dir='ltr'>simul</span> <span class='ocrx_word' id='word_1_199' title='bbox 632 2924 806 3003; x_wconf 89' lang='lat' dir='ltr'>eodemque</span> <span class='ocrx_word' id='word_1_200' title='bbox 822 2926 968 3002; x_wconf 90' lang='lat' dir='ltr'>tempore</span> <span class='ocrx_word' id='word_1_201' title='bbox 984 2920 1148 3004; x_wconf 88' lang='lat' dir='ltr'>edidisset,</span> <span class='ocrx_word' id='word_1_202' title='bbox 1172 2919 1370 2987; x_wconf 91' lang='lat' dir='ltr'>hauddubie</span> 
     </span>
     <span class='ocr_line' id='line_1_28' title="bbox 197 3025 1435 3113; baseline -0.003 -17"><span class='ocrx_word' id='word_1_203' title='bbox 197 3049 270 3096; x_wconf 94' lang='lat' dir='ltr'>eum</span> <span class='ocrx_word' id='word_1_204' title='bbox 294 3036 351 3097; x_wconf 90' lang='lat' dir='ltr'>aut</span> <span class='ocrx_word' id='word_1_205' title='bbox 374 3032 503 3113; x_wconf 90' lang='lat' dir='ltr'>utrique</span> <span class='ocrx_word' id='word_1_206' title='bbox 525 3032 610 3098; x_wconf 91' lang='lat' dir='ltr'>libro</span> <span class='ocrx_word' id='word_1_207' title='bbox 641 3038 699 3098; x_wconf 92' lang='lat' dir='ltr'>aut</span> <span class='ocrx_word' id='word_1_208' title='bbox 729 3032 770 3098; x_wconf 72' lang='lat' dir='ltr'>siv</span> <span class='ocrx_word' id='word_1_209' title='bbox 789 3030 885 3097; x_wconf 82' lang='lat' dir='ltr'>alteri</span> <span class='ocrx_word' id='word_1_210' title='bbox 918 3034 1056 3110; x_wconf 92' lang='lat' dir='ltr'>tantum,</span> <span class='ocrx_word' id='word_1_211' title='bbox 1087 3047 1151 3094; x_wconf 90' lang='lat' dir='ltr'>nou</span> <span class='ocrx_word' id='word_1_212' title='bbox 1181 3027 1283 3108; x_wconf 91' lang='lat' dir='ltr'>priori</span> <span class='ocrx_word' id='word_1_213' title='bbox 1313 3025 1371 3092; x_wconf 89' lang='lat' dir='ltr'>sed</span> <span class='ocrx_word' id='word_1_214' title='bbox 1433 3072 1435 3081; x_wconf 34' lang='grc' dir='ltr'><strong><em>ι</em></strong></span> 
     </span>
     <span class='ocr_line' id='line_1_29' title="bbox 196 3133 1372 3224; baseline -0.005 -20"><span class='ocrx_word' id='word_1_215' title='bbox 196 3139 369 3219; x_wconf 89' lang='lat' dir='ltr'>posteriori</span> <span class='ocrx_word' id='word_1_216' title='bbox 409 3140 572 3224; x_wconf 91' lang='lat' dir='ltr'>epilogum</span> <span class='ocrx_word' id='word_1_217' title='bbox 608 3140 793 3206; x_wconf 89' lang='lat' dir='ltr'>additurum</span> <span class='ocrx_word' id='word_1_218' title='bbox 828 3139 937 3220; x_wconf 83' lang='lat' dir='ltr'>fuisse,</span> <span class='ocrx_word' id='word_1_219' title='bbox 971 3140 1009 3202; x_wconf 94' lang='lat' dir='ltr'>ut</span> <span class='ocrx_word' id='word_1_220' title='bbox 1047 3141 1152 3202; x_wconf 91' lang='lat' dir='ltr'>totum</span> <span class='ocrx_word' id='word_1_221' title='bbox 1191 3153 1270 3216; x_wconf 87' lang='lat' dir='ltr'>opus</span> <span class='ocrx_word' id='word_1_222' title='bbox 1307 3133 1372 3198; x_wconf 87' lang='lat' dir='ltr'>nite</span> 
     </span>
     <span class='ocr_line' id='line_1_30' title="bbox 197 3245 410 3314; baseline 0 -2"><span class='ocrx_word' id='word_1_223' title='bbox 197 3245 410 3314; x_wconf 88' lang='lat' dir='ltr'>clauderetur.</span> 
     </span>
    </p>

    <p class='ocr_par' dir='ltr' id='par_1_7' title="bbox 197 3349 1373 3977">
     <span class='ocr_line' id='line_1_31' title="bbox 304 3349 1372 3436; baseline -0.007 -16"><span class='ocrx_word' id='word_1_224' title='bbox 304 3355 528 3436; x_wconf 81' lang='lat' dir='ltr'>Compluribus</span> <span class='ocrx_word' id='word_1_225' title='bbox 552 3358 661 3421; x_wconf 92' lang='lat' dir='ltr'>autem</span> <span class='ocrx_word' id='word_1_226' title='bbox 675 3353 755 3420; x_wconf 92' lang='lat' dir='ltr'>locis</span> <span class='ocrx_word' id='word_1_227' title='bbox 771 3352 867 3418; x_wconf 89' lang='lat' dir='ltr'>huius</span> <span class='ocrx_word' id='word_1_228' title='bbox 883 3351 1006 3418; x_wconf 89' lang='lat' dir='ltr'>satirae</span> <span class='ocrx_word' id='word_1_229' title='bbox 1023 3349 1224 3433; x_wconf 88' lang='lat' dir='ltr'>comprobari</span> <span class='ocrx_word' id='word_1_230' title='bbox 1234 3349 1372 3416; x_wconf 55' lang='lat' dir='ltr'>‘uidetur</span> 
     </span>
     <span class='ocr_line' id='line_1_32' title="bbox 197 3455 1373 3544; baseline -0.006 -17"><span class='ocrx_word' id='word_1_231' title='bbox 197 3461 338 3544; x_wconf 89' lang='lat' dir='ltr'>priorem</span> <span class='ocrx_word' id='word_1_232' title='bbox 360 3462 478 3529; x_wconf 88' lang='lat' dir='ltr'>librum</span> <span class='ocrx_word' id='word_1_233' title='bbox 501 3463 567 3528; x_wconf 89' lang='lat' dir='ltr'>iam</span> <span class='ocrx_word' id='word_1_234' title='bbox 586 3461 620 3528; x_wconf 88' lang='lat' dir='ltr'>in</span> <span class='ocrx_word' id='word_1_235' title='bbox 636 3460 800 3527; x_wconf 91' lang='lat' dir='ltr'>hominum</span> <span class='ocrx_word' id='word_1_236' title='bbox 815 3460 964 3526; x_wconf 88' lang='lat' dir='ltr'>manibus</span> <span class='ocrx_word' id='word_1_237' title='bbox 980 3457 1080 3526; x_wconf 84' lang='grc'>161666</span> <span class='ocrx_word' id='word_1_238' title='bbox 1096 3464 1165 3524; x_wconf 90' lang='grc'>166</span> <span class='ocrx_word' id='word_1_239' title='bbox 1181 3476 1253 3523; x_wconf 87' lang='grc'>666</span> <span class='ocrx_word' id='word_1_240' title='bbox 1269 3455 1373 3522; x_wconf 88' lang='lat' dir='ltr'>satira</span> 
     </span>
     <span class='ocr_line' id='line_1_33' title="bbox 198 3562 1373 3652; baseline -0.008 -16"><span class='ocrx_word' id='word_1_241' title='bbox 198 3569 322 3652; x_wconf 89' lang='lat' dir='ltr'>scripta</span> <span class='ocrx_word' id='word_1_242' title='bbox 346 3575 404 3637; x_wconf 87' lang='lat' dir='ltr'>est.</span> <span class='ocrx_word' id='word_1_243' title='bbox 451 3569 570 3636; x_wconf 83' lang='lat' dir='ltr'>Satiris</span> <span class='ocrx_word' id='word_1_244' title='bbox 593 3569 678 3636; x_wconf 91' lang='lat' dir='ltr'>enim</span> <span class='ocrx_word' id='word_1_245' title='bbox 701 3568 800 3634; x_wconf 88' lang='lat' dir='ltr'>editis</span> <span class='ocrx_word' id='word_1_246' title='bbox 823 3566 1005 3634; x_wconf 89' lang='lat' dir='ltr'>adversarii</span> <span class='ocrx_word' id='word_1_247' title='bbox 1033 3566 1162 3632; x_wconf 91' lang='lat' dir='ltr'>laudem</span> <span class='ocrx_word' id='word_1_248' title='bbox 1190 3564 1259 3630; x_wconf 89' lang='lat' dir='ltr'>eius</span> <span class='ocrx_word' id='word_1_249' title='bbox 1282 3562 1373 3628; x_wconf 92' lang='lat' dir='ltr'>dimi-</span> 
     </span>
     <span class='ocr_line' id='line_1_34' title="bbox 198 3669 1373 3761; baseline -0.006 -18"><span class='ocrx_word' id='word_1_250' title='bbox 198 3695 297 3743; x_wconf 90' lang='lat' dir='ltr'>nuere</span> <span class='ocrx_word' id='word_1_251' title='bbox 321 3678 491 3744; x_wconf 87' lang='lat' dir='ltr'>volebant:</span> <span class='ocrx_word' id='word_1_252' title='bbox 515 3677 572 3742; x_wconf 91' lang='lat' dir='ltr'>alii</span> <span class='ocrx_word' id='word_1_253' title='bbox 596 3676 703 3743; x_wconf 89' lang='lat' dir='ltr'>laesos</span> <span class='ocrx_word' id='word_1_254' title='bbox 727 3692 798 3741; x_wconf 87' lang='lat' dir='ltr'>sese</span> <span class='ocrx_word' id='word_1_255' title='bbox 822 3673 977 3741; x_wconf 88' lang='lat' dir='ltr'>arbitrati</span> <span class='ocrx_word' id='word_1_256' title='bbox 1002 3673 1044 3761; x_wconf 90' lang='lat' dir='ltr'>(v.</span> <span class='ocrx_word' id='word_1_257' title='bbox 1070 3677 1086 3738; x_wconf 91' lang='lat'>1</span> <span class='ocrx_word' id='word_1_258' title='bbox 1113 3691 1159 3752; x_wconf 83' lang='lat' dir='ltr'>sq.</span> <span class='ocrx_word' id='word_1_259' title='bbox 1184 3670 1254 3736; x_wconf 94' lang='lat' dir='ltr'>coll.</span> <span class='ocrx_word' id='word_1_260' title='bbox 1271 3687 1300 3737; x_wconf 92' lang='grc'>1.</span> <span class='ocrx_word' id='word_1_261' title='bbox 1317 3669 1373 3756; x_wconf 82' lang='grc'>23)</span> 
     </span>
     <span class='ocr_line' id='line_1_35' title="bbox 198 3776 1373 3870; baseline -0.007 -20"><span class='ocrx_word' id='word_1_262' title='bbox 198 3791 329 3867; x_wconf 81' lang='lat' dir='ltr'>poetam</span> <span class='ocrx_word' id='word_1_263' title='bbox 353 3786 530 3870; x_wconf 90' lang='lat' dir='ltr'>malignum</span> <span class='ocrx_word' id='word_1_264' title='bbox 554 3804 593 3851; x_wconf 90' lang='lat' dir='ltr'>ac</span> <span class='ocrx_word' id='word_1_265' title='bbox 617 3782 881 3850; x_wconf 88' lang='lat' dir='ltr'>contumeliosum</span> <span class='ocrx_word' id='word_1_266' title='bbox 905 3785 938 3846; x_wconf 92' lang='lat' dir='ltr'>et</span> <span class='ocrx_word' id='word_1_267' title='bbox 961 3781 996 3847; x_wconf 94' lang='lat' dir='ltr'>in</span> <span class='ocrx_word' id='word_1_268' title='bbox 1023 3779 1127 3846; x_wconf 89' lang='lat' dir='ltr'>satira</span> <span class='ocrx_word' id='word_1_269' title='bbox 1153 3776 1249 3844; x_wconf 87' lang='lat' dir='ltr'>nimis</span> <span class='ocrx_word' id='word_1_270' title='bbox 1266 3795 1373 3843; x_wconf 84' lang='lat' dir='ltr'>acrem</span> 
     </span>
     <span class='ocr_line' id='line_1_36' title="bbox 200 3885 1373 3977; baseline -0.007 -20"><span class='ocrx_word' id='word_1_271' title='bbox 200 3911 270 3959; x_wconf 89' lang='lat' dir='ltr'>esse</span> <span class='ocrx_word' id='word_1_272' title='bbox 292 3893 442 3977; x_wconf 88' lang='lat' dir='ltr'>ultraque</span> <span class='ocrx_word' id='word_1_273' title='bbox 469 3895 589 3961; x_wconf 91' lang='lat' dir='ltr'>iustum</span> <span class='ocrx_word' id='word_1_274' title='bbox 612 3892 788 3959; x_wconf 90' lang='lat' dir='ltr'>satirarum</span> <span class='ocrx_word' id='word_1_275' title='bbox 811 3889 939 3957; x_wconf 93' lang='lat' dir='ltr'>modum</span> <span class='ocrx_word' id='word_1_276' title='bbox 964 3889 1099 3955; x_wconf 90' lang='lat' dir='ltr'>tendere</span> <span class='ocrx_word' id='word_1_277' title='bbox 1131 3885 1373 3964; x_wconf 73' lang='lat' dir='ltr'>iudicaverunt,</span> 
     </span>
    </p>

    <p class='ocr_par' dir='ltr' id='par_1_8' title="bbox 162 3990 1374 4520">
     <span class='ocr_line' id='line_1_37' title="bbox 162 3990 1374 4086; baseline -0.008 -20"><span class='ocrx_word' id='word_1_278' title='bbox 162 4019 166 4027; x_wconf 69' lang='grc'><strong>“</strong></span> <span class='ocrx_word' id='word_1_279' title='bbox 199 3999 257 4067; x_wconf 89' lang='grc'>6111</span> <span class='ocrx_word' id='word_1_280' title='bbox 279 4002 384 4086; x_wconf 87' lang='lat' dir='ltr'>magis</span> <span class='ocrx_word' id='word_1_281' title='bbox 415 4001 571 4069; x_wconf 87' lang='lat' dir='ltr'>delectati</span> <span class='ocrx_word' id='word_1_282' title='bbox 603 3999 732 4067; x_wconf 84' lang='lat' dir='ltr'>facetiis</span> <span class='ocrx_word' id='word_1_283' title='bbox 755 3998 873 4066; x_wconf 90' lang='lat' dir='ltr'>Lucilii</span> <span class='ocrx_word' id='word_1_284' title='bbox 903 4016 998 4080; x_wconf 90' lang='lat' dir='ltr'>quam</span> <span class='ocrx_word' id='word_1_285' title='bbox 1028 3993 1218 4062; x_wconf 87' lang='lat' dir='ltr'>urbanitate</span> <span class='ocrx_word' id='word_1_286' title='bbox 1241 3990 1374 4058; x_wconf 90' lang='lat' dir='ltr'>Horatii</span> 
     </span>
     <span class='ocr_line' id='line_1_38' title="bbox 200 4099 1373 4192; baseline -0.01 -18"><span class='ocrx_word' id='word_1_287' title='bbox 200 4128 318 4176; x_wconf 88' lang='lat' dir='ltr'>enerve</span> <span class='ocrx_word' id='word_1_288' title='bbox 341 4111 504 4192; x_wconf 91' lang='lat' dir='ltr'>putabant</span> <span class='ocrx_word' id='word_1_289' title='bbox 527 4128 598 4176; x_wconf 86' lang='lat' dir='ltr'>esse</span> <span class='ocrx_word' id='word_1_290' title='bbox 622 4107 790 4174; x_wconf 87' lang='lat' dir='ltr'>satiricum</span> <span class='ocrx_word' id='word_1_291' title='bbox 814 4124 916 4191; x_wconf 89' lang='lat' dir='ltr'>genus</span> <span class='ocrx_word' id='word_1_292' title='bbox 938 4102 1155 4170; x_wconf 90' lang='lat' dir='ltr'>Horatianum</span> <span class='ocrx_word' id='word_1_293' title='bbox 1179 4106 1278 4181; x_wconf 90' lang='lat' dir='ltr'>atque</span> <span class='ocrx_word' id='word_1_294' title='bbox 1300 4099 1373 4165; x_wconf 92' lang='grc'>1616</span> 
     </span>
     <span class='ocr_line' id='line_1_39' title="bbox 201 4208 1374 4305; baseline -0.011 -21"><span class='ocrx_word' id='word_1_295' title='bbox 201 4219 245 4304; x_wconf 85' lang='grc'>(1.</span> <span class='ocrx_word' id='word_1_296' title='bbox 270 4219 393 4305; x_wconf 78' lang='grc'><em>2-4).</em></span> <span class='ocrx_word' id='word_1_297' title='bbox 438 4216 789 4298; x_wconf 76' lang='grc'>11666666666116</span> <span class='ocrx_word' id='word_1_298' title='bbox 820 4213 1083 4282; x_wconf 87' lang='lat' dir='ltr'>adversariorum</span> <span class='ocrx_word' id='word_1_299' title='bbox 1114 4208 1243 4275; x_wconf 92' lang='lat' dir='ltr'>iudiciis</span> <span class='ocrx_word' id='word_1_300' title='bbox 1274 4210 1374 4287; x_wconf 88' lang='lat' dir='ltr'>atque</span> 
     </span>
     <span class='ocr_line' id='line_1_40' title="bbox 201 4315 1373 4406; baseline -0.01 -15"><span class='ocrx_word' id='word_1_301' title='bbox 201 4323 480 4392; x_wconf 87' lang='lat' dir='ltr'>criminationibus</span> <span class='ocrx_word' id='word_1_302' title='bbox 496 4332 565 4392; x_wconf 92' lang='lat' dir='ltr'>tum</span> <span class='ocrx_word' id='word_1_303' title='bbox 581 4343 623 4390; x_wconf 87' lang='lat' dir='ltr'>ex</span> <span class='ocrx_word' id='word_1_304' title='bbox 639 4323 808 4390; x_wconf 90' lang='lat' dir='ltr'>enuntiato</span> <span class='ocrx_word' id='word_1_305' title='bbox 833 4320 994 4406; x_wconf 91' lang='lat' dir='ltr'>,quicquid</span> <span class='ocrx_word' id='word_1_306' title='bbox 1017 4317 1187 4400; x_wconf 83' lang='lat' dir='ltr'>composui‘</span> <span class='ocrx_word' id='word_1_307' title='bbox 1212 4315 1257 4404; x_wconf 87' lang='grc'>(1.</span> <span class='ocrx_word' id='word_1_308' title='bbox 1278 4315 1298 4380; x_wconf 82' lang='lat'>2</span> <span class='ocrx_word' id='word_1_309' title='bbox 1315 4317 1373 4398; x_wconf 87' lang='lat' dir='ltr'>sq.)</span> 
     </span>
     <span class='ocr_line' id='line_1_41' title="bbox 202 4423 1374 4520; baseline -0.009 -19"><span class='ocrx_word' id='word_1_310' title='bbox 202 4453 359 4520; x_wconf 89' lang='lat' dir='ltr'>apparere</span> <span class='ocrx_word' id='word_1_311' title='bbox 383 4433 514 4502; x_wconf 87' lang='lat' dir='ltr'>videtur</span> <span class='ocrx_word' id='word_1_312' title='bbox 536 4431 675 4520; x_wconf 88' lang='lat' dir='ltr'>priorem</span> <span class='ocrx_word' id='word_1_313' title='bbox 699 4430 873 4498; x_wconf 90' lang='lat' dir='ltr'>satirarum</span> <span class='ocrx_word' id='word_1_314' title='bbox 889 4430 1008 4496; x_wconf 90' lang='lat' dir='ltr'>librum</span> <span class='ocrx_word' id='word_1_315' title='bbox 1024 4426 1088 4494; x_wconf 91' lang='lat' dir='ltr'>iam</span> <span class='ocrx_word' id='word_1_316' title='bbox 1100 4425 1133 4493; x_wconf 89' lang='lat' dir='ltr'>in</span> <span class='ocrx_word' id='word_1_317' title='bbox 1149 4425 1267 4509; x_wconf 89' lang='lat' dir='ltr'>vulgus</span> <span class='ocrx_word' id='word_1_318' title='bbox 1283 4423 1374 4490; x_wconf 90' lang='lat' dir='ltr'>emis·</span> 
     </span>
    </p>
   </div>
   <div class='ocr_carea' id='block_1_6' title="bbox 0 0 1617 4900">
    <p class='ocr_par' dir='ltr' id='par_1_9' title="bbox 0 0 1617 4900">
     <span class='ocr_line' id='line_1_42' title="bbox 0 0 1617 4900; baseline 0 0"><span class='ocrx_word' id='word_1_319' title='bbox 0 0 1617 4900; x_wconf 95' lang='lat' dir='ltr'> </span> 
     </span>
    </p>
   </div>
  </div>
 </body>
</html>
