3190 4900
694 347 912 410 -ao-
1025 373 1031 384 ·

303 559 488 626 Secundus
512 564 621 625 autem
645 560 727 625 liber
751 580 812 640 quo
839 565 982 640 tempore
1008 559 1115 624 editus
1148 559 1200 640 sit,
1232 567 1296 622 non
1321 578 1398 623 oon-

216 673 294 734 stat.
340 667 506 734 Frankius
526 668 624 732 enim
652 687 682 748 p.
706 669 749 732 42
773 671 835 733 sat.
852 667 900 748 Ἠ,
935 671 952 732 1
979 667 1118 732 omnium
1141 673 1337 746 postremam
1367 687 1395 730 a.

138 797 154 866 fl
218 795 247 840 11,
273 777 338 841 724
361 776 515 856 scriptam
540 775 720 842 arbitratus
743 774 918 840 editionem
949 768 1041 838 huius
1067 772 1142 838 libri
1160 773 1281 838 'eodem
1307 791 1396 838 anno

175 883 189 904 ’·
217 902 245 948 u.
271 883 336 948 724
359 882 481 948 saetam
505 902 575 948 esse
599 887 711 964 putat:
734 902 798 946 non
814 885 911 962 reete,
935 888 1009 946 n'am
1033 883 1094 945 sat.
1111 881 1151 960 II,
1178 884 1193 944 1
1219 899 1282 946 non
1305 887 1397 961 post-

216 1008 337 1054 remam
360 989 418 1054 sed
440 989 576 1070 primam
599 989 790 1070 posterioris
810 988 887 1052 libri
904 988 1078 1053 satirarum
1094 988 1303 1068 compositam
1321 1007 1396 1054 esse
1514 993 1519 1006 '

218 1116 316 1176 supra
347 1096 647 1162 demonstravimus.
688 1094 810 1175 'Neque
841 1094 1009 1175 probanda
1040 1101 1090 1170 est
1121 1093 1267 1159 Teuffeiii
1296 1095 1396 1176 ratio,

218 1204 274 1284 qui
297 1224 326 1285 p.
351 1205 414 1268 221
440 1204 509 1270 sine
536 1202 605 1268 ulia
627 1203 714 1267 iusta
739 1221 837 1266 eausa
868 1201 922 1266 lib.
946 1193 978 1266 H
1002 1221 1086 1285 anno
1118 1202 1243 1266 demum
1271 1221 1300 1266 u.
1327 1203 1397 1268 730

202 1311 338 1376 'editum
367 1329 438 1376 esse
469 1311 659 1390 suspicatur.
698 1309 777 1375 'Sed
807 1310 890 1375 nihil
919 1309 1055 1391 amplius
1085 1315 1193 1391 potest
1226 1310 1395 1376 adfirmari

144 1435 145 1443 ¹
217 1417 281 1482 nisi
304 1415 406 1483 iib.II
428 1422 503 1499 post
526 1417 621 1483 finem
638 1417 714 1481 anmi
730 1435 759 1482 u.
777 1418 841 1482 723
864 1401 898 1481 in
921 1416 1084 1497 publicum
1099 1405 1250 1498 prodiise',
1274 1419 1398 1499 quippe

218 1543 279 1606 quo
304 1530 449 1605 tempore
480 1529 541 1590 sat.
565 1524 586 1588 5
614 1530 647 1589 et
676 1527 695 1588 6
730 1524 869 1589 omnium
893 1524 1082 1605 posterioris
1107 1525 1182 1589 libri
1206 1525 1397 1606 satirarum,

217 1652 351 1714 quarum
382 1639 509 1714 tempus
544 1633 698 1698 constitui
729 1637 850 1714 potest,
882 1637 1062 1713 postremas
1098 1631 1292 1712 compositas
1322 1653 1399 1698 esse

214 1739 471 1822 cognoverimus.
