3190 4900
658 330 880 394 *23-

287 545 359 627 Qna
393 550 464 610 arte
503 543 712 624 courponendi
743 543 865 608 factum
897 549 947 608 est
973 543 1020 608 *ut
1052 542 1241 624 posterioris
1276 540 1353 604 libri

180 651 302 716 satirae
327 654 489 734 tersiores,
513 651 617 734 magis
641 650 763 731 molleS,
791 650 896 716 minus
924 671 1015 716 acres
1043 651 1117 716 sint.
1164 647 1353 714 Mollissimo

180 779 259 824 sane
284 779 401 842 genere
426 757 557 824 satirico
582 775 658 824 usus
682 761 732 823 est
755 763 853 838 polita
882 761 943 824 sat.
973 759 1001 824 5.
1047 757 1100 822 Ad
1127 749 1370 838 castigandum

180 866 265 930 enim
282 866 516 948 perversitates
540 885 579 930 ac
594 864 677 930 vitia
701 865 822 932 aetatis
845 884 923 932 suae
940 885 1036 931 scena
1052 862 1215 946 redigitur
1229 863 1271 928 ad
1287 863 1353 928 alia

179 977 326 1053 tempora
357 973 502 1052 aliasque
532 972 623 1039 vitae
655 971 867 1038 condiciones.
917 971 1114 1038 Posterioris
1144 969 1247 1052 igitur
1277 970 1379 1035 libri

179 1079 290 1144 satiris
313 1084 411 1161 poeta
433 1097 497 1145 non
521 1084 589 1144 tam
605 1079 749 1162 singulos
764 1079 910 1146 homines
926 1079 1063 1146 vitiosos
1079 1099 1174 1159 quam
1189 1077 1353 1143 hominum

180 1185 264 1251 vitia
293 1187 446 1266 vitaeque
477 1187 711 1268 perversitates
742 1187 863 1254 aetatis
895 1205 972 1252 suae
1003 1186 1127 1252 irridet.
1181 1185 1288 1268 Quare
1310 1185 1355 1248 le·

158 1299 296 1375 gentes
320 1295 405 1358 hunc
428 1293 545 1358 librum
570 1293 683 1376 fugere
707 1295 819 1374 nequit
843 1295 962 1359 salsam
985 1299 1018 1359 et
1041 1292 1239 1358 liberrimam
1260 1291 1354 1357 casti-

179 1399 343 1482 gationem
367 1401 511 1466 urbanae
534 1401 678 1466 irrisioni
709 1401 904 1482 lenitatique
931 1400 1191 1482 reprehensionis
1207 1399 1354 1465 omnibus

180 1506 213 1571 in
238 1507 350 1573 satiris
374 1507 516 1575 cessisse.

286 1614 377 1696 Quae
393 1634 464 1680 cum
479 1615 528 1681 ita
544 1615 619 1699 sint,
634 1621 723 1682 recte
738 1617 840 1682 statui
856 1637 920 1682 non
932 1635 1025 1698 posse
1038 1614 1169 1682 videtur
1180 1613 1354 1679 Horatium

179 1740 289 1788 omnes
313 1722 432 1787 satiras
455 1723 635 1803 promiscue
659 1722 742 1789 alias
764 1724 799 1789 in
822 1724 963 1805 priorem
986 1723 1069 1788 alias
1092 1721 1126 1788 in
1142 1721 1352 1804 posteriorem

179 1827 295 1894 librum
332 1829 525 1895 distributas
560 1849 623 1896 uno
657 1830 831 1912 eodemque
859 1836 1003 1912 tempore
1031 1829 1178 1896 edidisse.
1225 1827 1291 1893 Sed
1319 1831 1353 1892 et

179 1955 196 2000 e
222 1939 319 2000 tanta
343 1935 511 2018 utriusque
533 1937 609 2002 libri
634 1937 818 2004 differentia
842 1942 876 2003 et
900 1958 917 2004 e
948 1938 1147 2020 temporibus
1177 1935 1352 2000 satirarum

180 2061 262 2122 quae
294 2044 450 2109 constitui
479 2049 663 2128 potuerunt,
699 2051 838 2128 apparet
866 2064 974 2111 omnes
1002 2044 1098 2126 primi
1128 2043 1205 2109 libri
1233 2042 1353 2107 satiras

177 2149 279 2231 priori
307 2151 446 2231 tempori
477 2151 704 2218 attribuendas
733 2172 803 2220 esse
835 2172 929 2233 qnam
963 2152 1104 2233 quaein
1137 2151 1241 2216 altero
1269 2149 1352 2215 libro

174 2257 338 2339 leguntur.
391 2259 541 2324 Seorsum
565 2264 673 2326 autem
697 2279 735 2326 ae
759 2260 888 2327 diverso
911 2265 1055 2341 tempore
1080 2279 1099 2324 a
1120 2261 1218 2340 poeta
1233 2260 1354 2322 utrum·

177 2383 239 2444 que
262 2366 381 2431 librum
413 2366 535 2434 editum
563 2387 634 2435 esse
665 2369 739 2435 aliis
771 2354 875 2434 etiam*
901 2369 1059 2449 probatur
1088 2363 1352 2450 gravissimisque

177 2472 293 2556 causis,
318 2492 397 2552 quas
421 2476 604 2542 accuratius
627 2475 850 2542 tractabimus.
1264 2559 1265 2562 Ἴ

285 2579 368 2645 Nam
391 2586 480 2648 recte
503 2583 667 2649 Frankius
691 2582 771 2649 dicit
803 2582 846 2669 (p.
876 2583 918 2646 22
950 2582 1021 2648 coll.
1053 2581 1108 2668 35)
1135 2580 1236 2661 priori
1266 2579 1350 2644 libro

178 2691 240 2752 sat.
267 2690 282 2751 1
308 2688 445 2773 prologi,
469 2693 529 2754 sat.
557 2690 598 2754 10
622 2689 741 2773 epilogi
765 2690 834 2756 loco
859 2689 1005 2756 additam
1028 2707 1106 2755 esse.

284 2794 393 2876 Atque
423 2796 548 2879 primae
581 2797 709 2878 quidem
744 2797 867 2863 satirae
902 2801 1128 2880 argumentum
1162 2793 1231 2860 eius
1265 2792 1351 2858 modi

179 2905 238 2983 est,
261 2906 298 2966 ut
321 2904 443 2969 nullum
467 2904 545 2987 eligi
568 2905 712 2986 potuerit
735 2903 897 2986 prooemio
921 2905 1037 2987 aptius.
1090 2901 1235 2984 Exponit
1267 2899 1351 2966 enim

178 3013 285 3091 poeta,
301 3029 382 3090 quae
399 3011 442 3076 sit
459 3031 556 3077 causa
573 3015 607 3077 et
622 3012 749 3078 utilitas
766 3012 918 3078 satiricae'
934 3011 1049 3093 poesis,
1066 3029 1126 3090 quo
1139 3011 1221 3074 haec
1235 3007 1351 3091 poesis,

178 3113 230 3179 cui
246 3135 280 3182 se
292 3117 461 3202 dediderit,
481 3119 654 3203 portienat,
677 3139 773 3202 quam
788 3121 855 3186 vim
871 3120 1001 3202 habeat,
1024 3117 1110 3200 quod
1125 3118 1168 3184 sit
1184 3114 1351 3182 consilium

176 3240 269 3316 suum
293 3224 326 3290 in
351 3225 462 3292 satiris
486 3227 723 3309 componendis.
768 3228 844 3308 Ipso
868 3226 952 3292 enim
979 3226 1075 3294 initio
1103 3224 1224 3292 satirae
1253 3223 1351 3288 inter-

176 3335 274 3413 rogat
289 3333 513 3401 Maecenatem
536 3336 658 3401 mirans
681 3335 734 3402 vel
758 3353 828 3401 cum
852 3333 1066 3400 admiratione
1089 3332 1272 3416 indignans
1296 3327 1350 3410 qui

176 3437 235 3504 fiat
258 3442 295 3503 ut
319 3439 463 3525 homines
487 3448 575 3509 sorte
599 3461 659 3510 sua
681 3461 746 3509 non
769 3441 914 3508 contenti
938 3441 1075 3507 aliorum
1102 3440 1265 3506 hominum
1288 3436 1351 3502 for·

176 3549 289 3610 tunam
312 3547 455 3632 landent,
478 3549 528 3616 ita
555 3555 592 3616 ut
623 3549 857 3633 prohibeantur
887 3569 928 3616 ne
959 3567 1039 3615 vera
1069 3546 1159 3614 vitae
1190 3546 1350 3612 felicitate

177 3657 320 3720 utantur.
367 3655 460 3738 Quod
483 3657 553 3723 fieri
569 3658 732 3740 perversis
748 3657 865 3723 studiis
882 3661 916 3722 et
931 3655 1164 3738 cupiditatibus
1178 3651 1350 3719 hominum.

177 3760 241 3827 Sed
265 3769 302 3829 ut
332 3765 375 3830 ad
405 3782 483 3830 vere
513 3765 643 3831 beatam
675 3766 778 3833 vitam
809 3764 1010 3847 perveniant,
1041 3763 1129 3829 nullo
1161 3760 1225 3827 alio
1256 3758 1349 3825 modo

176 3869 247 3936 fieri
270 3890 362 3952 posse
390 3873 453 3968 nisi
484 3873 622 3941 sublatis
654 3872 759 3940 causis
790 3875 824 3937 et
855 3871 971 3938 studiis
1003 3871 1149 3937 omnibus
1177 3866 1349 3952 perversis.

177 3978 271 4061 Quod
294 3985 331 4045 ut
353 3981 542 4064 intelligant
573 3980 727 4065 homines,
758 3998 829 4047 cum
860 3977 935 4045 aliis
966 3980 1062 4046 rebus
1092 3983 1161 4046 tum
1193 3977 1349 4059 imprimis

176 4087 267 4168 poesi
290 4089 425 4155 satirica
449 4089 533 4155 ellici
556 4107 658 4171 posse.
704 4088 765 4156 Vv.
789 4087 874 4153 enim
902 4087 945 4152 24
976 4105 1043 4167 sqq.
1076 4087 1155 4154 dicit
1185 4091 1284 4169 pocta
1315 4105 1349 4153 se

176 4193 336 4262 ridentem
360 4197 466 4262 dicere
490 4215 610 4279 verum,
635 4196 719 4276 quod
742 4195 887 4262 homines
911 4212 932 4259 a
954 4193 1082 4261 iocante
1107 4213 1200 4277 quam
1225 4213 1245 4260 a
1265 4193 1348 4260 serio

176 4302 328 4380 loquente
353 4301 481 4370 facilius
505 4303 697 4385 reprehendi
721 4322 756 4368 se
778 4303 950 4384 patiantur
972 4309 1006 4370 et
1034 4303 1075 4370 ad
1103 4302 1187 4368 vitia
1216 4319 1349 4384 cognos-

176 4410 278 4474 cenda
300 4409 414 4476 melius
438 4410 649 4495 adducantur,
673 4410 757 4478 sicut
779 4410 931 4496 magistri
953 4411 1113 4480 interdum
1138 4410 1247 4495 pueris
1271 4408 1349 4476 dent
