3190 4900
666 350 888 430 .-13-

193 584 288 662 esset,
312 586 421 644 tamen
445 598 509 644 non
534 578 662 661 generis
685 579 891 644 nobilitatem
921 585 1077 664 spectare,
1101 578 1158 646 sed
1181 580 1325 646 homines
1350 598 1367 646 e

193 687 358 770 dignitate
384 691 417 752 et
441 685 620 751 virtutibus
645 687 819 752 aestimare
844 685 955 768 solere,
979 687 1028 750 111
1052 692 1088 752 ut
1109 687 1178 770 ipse
1194 689 1367 756 humilibus

192 795 383 875 parentibus
405 800 494 859 ortus
519 813 538 858 a
558 813 676 876 magno
691 793 747 858 illo
764 794 835 859 viro
852 794 1009 876 diligatur
1025 799 1058 860 et
1074 797 1184 879 magni
1200 798 1368 862 habeatur.

192 905 305 984 Neque
329 906 428 983 poeta
452 920 482 966 v.
509 902 573 965 104
597 920 642 980 sq.
666 901 730 965 iter
753 901 985 966 Brundisinum
1009 903 1153 984 respicit,
1181 905 1265 984 quod
1293 909 1326 970 et
1350 925 1367 970 0

191 1011 427 1077 sententiarum
452 1011 631 1074 0011111111
656 1027 673 1072 0
703 1009 792 1073 voce'
810 1009 846 1089 ,si
877 1009 966 1074 libet‘
998 1016 1065 1076 tam
1095 1013 1191 1091 plane
1220 1017 1367 1098 apparet,

190 1125 228 1186 ut
252 1118 398 1200 pluribus
422 1117 597 1182 1110011111
621 1119 766 1180 tractare
791 1136 869 1197 opus
892 1137 954 1182 non
979 1119 1031 1183 sit.

299 1226 410 1305 Neque
434 1225 474 1288 de
500 1223 642 1288 decimae
667 1223 789 1288 satirae
814 1229 958 1305 tempore
983 1227 1154 1305 quidquam
1177 1233 1299 1292 certum
1317 1232 1367 1292 est

191 1333 254 1398 nisi
279 1334 382 1415 ipsam
406 1350 531 1412 (proque
556 1339 630 1412 post
654 1351 681 1395 a.
710 1350 739 1396 n.
770 1333 833 1396 117
863 1333 1017 1414 scriptam
1048 1353 1127 1416 esse,
1155 1336 1240 1414 quod
1270 1354 1299 1401 v.
1325 1337 1364 1399 81

191 1443 365 1507 Maecenas
388 1440 475 1504 inter
497 1459 551 1504 eos
573 1438 746 1520 inducitur,
772 1458 850 1518 quos
871 1445 1022 1520 poemata
1042 1461 1101 1506 sua
1116 1445 1253 1522 probare
1269 1447 1367 1524 poeta

124 1622 126 1626 ,
193 1549 281 1630 cupit
310 1549 364 1634 (ci.
393 1566 475 1627 quae
504 1545 785 1627 supradiximus).
831 1547 995 1612 Frankius
1019 1553 1127 1614 autem
1150 1569 1180 1630 p.
1210 1553 1368 1617 1000111-

192 1661 251 1738 set,
275 1657 359 1736 quod
383 1655 540 1720 Horatius
564 1673 594 1719 u.
619 1655 658 1717 21
686 1653 808 1734 ,duram
831 1654 957 1720 Petillii
981 1661 1119 1721 01111111]ι
1150 1662 1277 1740 tangat,
1306 1662 1366 1724 sat.

195 1765 236 1829 10
265 1768 342 1828 ante
373 1782 401 1827 1.
431 1782 460 1828 n.
491 1763 555 1826 120
588 1759 797 1843 compositam
827 1781 906 1844 esse,
940 1781 1002 1841 qno
1033 1767 1178 1845 tempore
1208 1765 1367 1832 Horatius

192 1870 325 1936 Caesari
355 1871 483 1936 deditus
516 1889 585 1934 esse
618 1868 770 1949 coeperit.
817 1867 880 1932 Sed
912 1869 951 1934 de
975 1871 1106 1936 Petillio
1135 1871 1222 1936 iufra
1252 1873 1365 1938 dicam.

193 1979 276 2043 Post
301 1983 362 2044 sat.
387 1982 495 2042 antem
519 1980 540 2042 4
564 1983 625 2042 sat.
651 1977 693 2041 10
717 1975 871 2056 scriptam
895 1995 965 2043 esse
994 1982 1131 2060 constat,
1162 1980 1248 2058 quod
1270 1986 1368 2062 poeta

191 2105 232 2150 ea
264 2085 433 2150 confirmat
456 2084 610 2150 indicium
642 2087 701 2148 111,
733 2086 755 2148 4
787 2083 825 2148 de
858 2084 982 2149 Lucilio
1014 2085 1144 2152 factum.
1195 2085 1367 2153 Invehitur

193 2193 278 2258 enim
303 2191 420 2258 iterum
444 2192 477 2257 in
501 2190 716 2273 adversarios,
740 2189 857 2272 quippe
882 2192 936 2271 qui
960 2197 1020 2258 sat.
1045 2202 1065 2257 4
1090 2192 1210 2258 iniuste
1236 2198 1367 2274 poetam

192 2301 232 2366 de
250 2299 374 2365 Lucilio
391 2299 550 2365 iudicasse
567 2298 726 2364 dixissent
751 2303 783 2362 11
806 2298 840 2362 in
864 2297 983 2365 satiras
1008 2299 1076 2364 eius
1100 2299 1203 2366 denuo
1221 2301 1367 2366 crimina·

192 2409 299 2474 tiones
324 2406 547 2473 coniecissent.
591 2405 694 2485 Atqui
718 2411 778 2472 sat.
803 2408 823 2469 2
847 2407 1013 2472 antecedit
1036 2412 1097 2472 sat.
1121 2409 1151 2490 4,
1178 2408 1263 2487 quod
1287 2428 1310 2474 e.
1336 2428 1366 2475 u.

191 2518 232 2580 01
268 2517 338 2580 0011.
370 2534 439 2580 cum
474 2533 503 2580 1.
541 2515 580 2577 21
618 2514 776 2580 secundae
812 2513 934 2578 satirae
969 2515 1050 2579 satis
1085 2520 1230 2596 apparet.
1283 2517 1365 2580 Nam

191 2641 222 2690 v.
247 2623 288 2688 91
315 2643 361 2703 sq.
670 2635 672 2643 ⁴

446 2789 451 2816 ,
455 2787 568 2802 .....
589 2763 641 2816 ego
661 2746 685 2800 si
704 2745 761 2815 risi,
775 2747 846 2814 quod
865 2746 974 2813 ineptus

441 2837 574 2891 Pastillos
593 2837 710 2890 Rutilius
729 2837 793 2904 olet,
819 2835 975 2904 Gorgonius
993 2835 1116 2905 hircum‘,

192 2965 320 3014 versum
345 2948 387 3011 27
409 2945 572 3011 ¹secundae
596 2943 718 3008 satirae
741 2943 863 3024 repetit
887 2962 923 3008 eo
948 2943 1091 3021 consilio,
1116 2948 1152 3009 ut
1176 2964 1195 3010 a
1220 2944 1366 3010 crimina-

192 3053 337 3119 tionibus
361 3072 395 3117 se
420 3052 583 3133 defendat,
608 3070 689 3130 quae
719 3051 752 3114 in
785 3055 844 3116 sat.
878 3053 897 3116 2
931 3051 1096 3116 coniectae
1128 3055 1230 3117 erant.
1276 3052 1365 3134 Ergo

192 3168 253 3227 sat.
280 3163 320 3226 10
344 3181 408 3226 non
431 3160 524 3225 modo
547 3162 621 3240 post
645 3163 705 3224 sat.
722 3159 752 3240 4,
776 3158 832 3223 sed
849 3158 948 3222 etiam
964 3164 1038 3240 post
1054 3163 1114 3224 sat.
1132 3161 1152 3224 2
1169 3159 1290 3240 scripta
1307 3165 1365 3224 est.

299 3269 351 3334 Hx
375 3267 416 3332 iis
446 3273 553 3332 autem
585 3265 705 3348 satiris,
738 3285 817 3345 quas
848 3270 921 3347 post
945 3267 1076 3334 Horatii
1108 3266 1364 3332 familiaritatem

192 3395 263 3442 eum
286 3377 477 3440 Maecenate
500 3375 614 3438 initam
639 3373 833 3453 compositas
856 3393 926 3438 esse
948 3373 1165 3456 cognovimus
1189 3375 1367 3438 11130111·

192 3484 280 3548 nium
304 3483 408 3565 prima
432 3482 554 3562 scripta
577 3479 716 3560 uidetur,
741 3481 857 3562 quippe
883 3481 973 3547 cuius
997 3486 1221 3564 argumentum
1238 3481 1366 3545 minime

191 3591 314 3656 reterre
339 3609 492 3670 queamus
516 3589 558 3653 ad
580 3591 812 3668 Maecenatem,
837 3588 900 3653 uisi
924 3589 1009 3668 quod
1031 3594 1130 3669 poeto
1161 3607 1233 3653 eum
1264 3588 1365 3668 iuopi-

191 3703 269 3762 nato
294 3697 439 3778 appellat
463 3716 493 3763 v.
517 3698 559 3760 03
584 3715 642 3776 sq:

388 3819 551 3888 ,Simplicior
570 3821 634 3888 quis.
650 3826 678 3874 et
698 3825 748 3888 est,
769 3820 876 3886 qualem
894 3836 936 3874 me
956 3835 1038 3888 saepe
1056 3819 1174 3875 libenter

388 3911 539 3966 Obtulerim
559 3909 619 3979 tibi,
639 3911 785 3964 Maecenas
807 3950 919 3964 .....
923 3913 937 3978 ²,

192 4021 307 4100 quibus
352 4020 501 4086 uersibus
525 4019 578 4106 (oi.
602 4038 684 4099 quae
712 4038 811 4100 supra
843 4019 995 4104 diximus)
1027 4017 1238 4083 timiditatem
1268 4038 1365 4099 quan·

192 4129 265 4193 dam
291 4133 324 4192 et
347 4127 503 4192 incertum
529 4127 676 4192 habitum
700 4146 771 4191 curn
794 4126 951 4208 longioris
974 4145 1051 4191 usus
1076 4129 1174 4206 atque
1198 4127 1364 4193 familiari-

191 4237 273 4300 tatis
309 4235 504 4299 confidentia
539 4253 653 4315 parum
688 4234 932 4299 convenientem
967 4233 1061 4315 prodi
1095 4238 1183 4298 11011
1215 4235 1363 4315 exposuit

191 4342 392 4408 Kirclmerus
409 4347 532 4422 quaest.
549 4361 577 4422 p.
595 4343 637 4405 53
655 4341 705 4423 (01.
722 4341 823 4422 praef.
841 4346 1008 4408 comment.
1023 4361 1053 4423 p.
1071 4343 1112 4425 1).
1159 4341 1364 4423 Quapropter

192 4453 252 4514 sat.
285 4450 304 4511 3
333 4450 456 4532 scripta
487 4449 617 4514 videtur
651 4449 739 4514 hand
770 4448 818 4513 ita
853 4450 953 4513 multo
990 4454 1162 4530 postquam
1196 4454 1294 4529 poeta
1329 4448 1361 4514 in
