3190 4900
724 239 942 310 -32-

247 451 332 536 quod
362 461 498 538 utroque
529 456 599 522 loco
632 456 672 522 de
704 458 771 525 otio
804 460 967 527 hominum
999 462 1110 546 agitur
1145 468 1178 529 et
1212 461 1439 546 participium

247 568 419 648 ‚congesta‘
443 565 585 646 positum
609 570 666 632 est.

353 686 463 772 Quid?
492 689 577 769 quod
600 690 755 756 Hertzius
787 692 886 758 etiam
910 692 1029 778 Georg.
1060 694 1081 762 l.
1112 695 1160 762 IV
1190 695 1272 763 satis
1303 697 1439 764 multos

246 814 360 864 versus
383 795 426 862 ad
454 795 538 862 hanc
566 801 627 863 sat.
658 796 845 864 referendos
877 799 1052 882 existimat,
1084 802 1169 882 quod
1201 803 1287 869 hand
1318 823 1438 886 pauca

217 887 219 897 ¹
247 923 329 986 quae
352 904 517 988 Vergilius
544 905 693 988 proferat
721 907 760 972 de
788 907 912 992 apibus,
936 908 1056 990 partim
1081 910 1120 974 de
1143 910 1327 978 hominibus
1352 931 1439 993 par-

245 1013 305 1077 tim
328 1012 368 1077 cle
384 1011 527 1078 lormicis
543 1012 655 1080 eadem
671 1011 741 1084 fere
756 1015 930 1081 tradantur
945 1016 1074 1082 ratione
1091 1019 1132 1082 ab
1148 1018 1295 1086 Horatio.
1343 1019 1437 1084 (lon-

245 1119 311 1186 lert
335 1119 421 1186 enim
444 1120 541 1205 Verg.
570 1122 631 1186 156
656 1111 729 1203 sq.:'
1393 1127 1397 1136 '

443 1247 646 1315 ‚venturaeque
665 1246 762 1302 hiemis
783 1264 915 1304 memores
935 1256 1042 1304 aestate
1062 1250 1182 1305 laborem

441 1336 629 1405 Experiamur
648 1343 677 1392 et
697 1337 726 1394 in
743 1338 861 1394 medium
881 1340 1008 1406 quaesita
1026 1343 1170 1408 reponunt‘

246 1429 280 1490 (li
303 1444 332 1492 V.
358 1427 436 1492 239:

477 1533 533 1601 ,Sin
551 1534 647 1589 ‹luram
665 1540 771 1590 metues
790 1535 903 1590 hiemem
923 1552 1073 1607 parcesque
1092 1537 1194 1592 futuro‘

246 1659 316 1706 cum
340 1659 392 1708 vv.
417 1641 532 1708 Horat.
556 1645 599 1708 33
623 1661 703 1724 sqq:
800 1663 818 1673 ·’

443 1750 572 1816 ,Parvula
589 1749 662 1816 (nam
681 1751 805 1820 exemplo
825 1750 877 1820 est)
896 1751 990 1822 magni
1009 1750 1124 1807 formica
1142 1751 1243 1806 laboris

442 1839 496 1894 Ore
515 1840 604 1895 trahit
623 1841 808 1910 quodcumque
827 1846 1022 1909 potcstatque
1042 1841 1120 1896 addit
1138 1857 1236 1896 acervo

443 1928 529 1996 Quem
549 1930 642 1999 struit,
662 1930 734 1986 haud
754 1931 853 2000 ignara
873 1947 905 1986 ao
923 1947 977 1984 nou
996 1931 1108 1985 incauta
1126 1930 1233 1986 futuri‘.

246 2036 360 2103 Priore
384 2037 573 2122 Vergiliano
595 2038 665 2104 loco
690 2039 801 2122 agitur
824 2039 864 2104 de
888 2039 1011 2122 apibus,
1035 2058 1118 2119 quae
1142 2043 1271 2117 aestate
1298 2037 1427 2104 cibaria

246 2143 412 2229 colligunt,
437 2146 553 2228 quibus
576 2146 681 2212 hieme
705 2146 808 2213 vitam
825 2150 1020 2229 sustentent,
1043 2147 1223 2241 posteriore
1240 2146 1280 2211 de
1297 2145 1425 2226 apiario

246 2251 383 2317 hiemem
405 2258 578 2338 metuente,
602 2253 653 2318 cui
668 2259 844 2336 praecepta
861 2255 997 2335 dantur3
1021 2255 1107 2336 apud
1123 2253 1296 2320 Horatium
1314 2258 1421 2318 autem

246 2359 390 2425 homines
433 2360 555 2427 lucrum
597 2381 722 2445 semper
762 2366 934 2443 sequentes
969 2366 1107 2427 utuntur
1137 2361 1283 2444 exemplo
1315 2359 1422 2426 lormi-

246 2484 364 2552 carum‚
388 2486 469 2549 quae
494 2468 580 2534 haud
600 2470 751 2536 incautae
768 2469 882 2535 hiemis
898 2471 1056 2535 venturae
1072 2469 1136 2534 cibi
1153 2469 1277 2551 copiam
1294 2473 1422 2535 aestate

247 2581 434 2659 congerunt.
480 2577 544 2644 Sed
576 2579 723 2659 quamvis
757 2579 878 2644 similes
913 2597 984 2644 esse
1018 2577 1192 2644 videantur
1216 2576 1353 2640 Horatii
1388 2581 1422 2641 et

245 2683 385 2767 Vergilii
401 2703 523 2767 versus,
546 2689 657 2751 tamen
680 2686 803 2751 nullum
826 2685 979 2751 indicium
996 2688 1054 2766 est,
1077 2685 1162 2750 unde
1178 2686 1337 2765 appareat
1356 2681 1421 2746 Ho-

245 2791 364 2857 ratium
387 2791 549 2858 imitatum
574 2811 644 2859 esse
660 2792 849 2876 Vergilium.
896 2793 979 2858 Nam
1003 2792 1064 2857 hoc
1087 2791 1227 2857 studium
1252 2809 1328 2871 opes
1350 2809 1420 2855 con-

245 2899 380 2982 gerendi
403 2903 437 2964 et
461 2899 569 2982 apium
592 2905 626 2965 et
649 2899 855 2965 formicarum
878 2903 947 2965 tam
970 2897 1135 2980 proprium
1159 2905 1217 2980 est,
1241 2903 1278 2962 ut
1305 2896 1418 2962 mirum

244 3005 384 3089 nonsit,
408 3007 493 3087 quod
516 3011 651 3088 uterque
674 3013 773 3089 poeta
797 3007 910 3072 eodem
934 3007 1003 3072 fere
1025 3005 1119 3070 modo
1150 3005 1204 3070 hic
1233 3004 1272 3068 de
1304 3003 1418 3084 apibus

245 3112 300 3178 ille
324 3113 363 3178 de
388 3113 531 3179 formicis
555 3115 635 3198 agit.
681 3113 849 3180 Posterior
871 3134 949 3181 vero
968 3112 1090 3197 Vergil.
1113 3112 1203 3178 locus
1227 3115 1295 3176 tam
1315 3110 1418 3206 diver·

245 3239 299 3285 sus
323 3225 373 3286 est
396 3222 437 3285 ab
461 3220 655 3304 Horatiano,
680 3227 715 3287 ut
739 3213 880 3305 intelligi
904 3225 1054 3303 nequeat,
1086 3219 1141 3301 qni
1169 3238 1309 3284 conexus
1333 3218 1417 3282 inter

245 3347 299 3392 eos
323 3333 439 3393 exstet.

351 3453 567 3519 Adiunctum
584 3456 692 3520 autem
716 3473 856 3520 amorem
880 3453 1029 3536 habendi,
1054 3472 1116 3535 qno
1140 3471 1217 3535 apes
1240 3450 1350 3533 urgeri
1373 3449 1416 3514 cli-

245 3567 299 3626 cat
322 3562 420 3644 Verg.
443 3581 473 3629 v.
500 3545 579 3642 ill:

151 3745 155 3754 ,
441 3687 595 3756 ‚Cecropias
614 3686 726 3742 innatus
746 3703 811 3755 apes
831 3704 906 3742 amor
925 3693 1010 3755 urget
1031 3684 1156 3740 habendi‘

153 3796 155 3800 ’
245 3791 448 3860 referendam
472 3813 543 3860 esse
567 3795 734 3861 existimat
757 3795 913 3860 Hertzius
936 3795 1071 3860 satiram
1100 3793 1230 3876 passim,
1261 3789 1413 3871 imprimis

245 3921 322 3967 vero
348 3921 399 3968 vv.
424 3903 463 3966 61
490 3921 566 3986 sqq,
591 3921 652 3982 quo
675 3901 744 3967 loco
769 3901 996 3968 describuntur
1019 3902 1164 3968 homines
1187 3900 1268 3965 lucri
1298 3897 1412 3977 cupidi-

244 4017 315 4076 tate
329 4010 475 4093 ‘decepti
499 4011 553 4090 qui
577 4029 667 4076 suam
691 3991 809 4094 agendi
833 4010 993 4076 rationem
1016 4014 1182 4086 excusant,
1207 4026 1277 4072 cum
1306 4004 1410 4070 dicunt

246 4137 316 4183 curn
341 4119 454 4200 opibus
478 4137 622 4183 crescere
646 4118 745 4184 etiam
762 4118 1000 4183 anctoritatem.
1047 4117 1111 4182 Sed
1127 4114 1299 4180 Horatium
1315 4113 1348 4175 in
1365 4111 1428 4174 de·-

176 4269 181 4278 -
245 4226 423 4290 scribendis
454 4225 505 4289 his
536 4226 718 4290 hominibus
750 4227 845 4291 huius
882 4245 995 4290 versus
1027 4222 1210 4305 Vergiliani
1246 4237 1409 4284 memorem

245 4332 344 4398 fuisse
368 4333 455 4398 credi
478 4333 534 4399 vix
557 4339 674 4413 potest.
