3190 4900
711 265 929 331 ..11-

230 479 382 544 exornari
404 485 523 562 posset,
547 479 616 545 ficri
641 499 704 546 non
727 480 834 561 potuit
851 479 925 559 quin
951 483 984 543 et
1006 479 1162 544 Horatius
1187 483 1219 542 et
1237 478 1404 560 Vergilius

227 585 385 653 similibus
412 585 545 652 vocibus
573 593 749 670 uterentur,
773 587 822 651 ita
853 590 889 650 ut
917 586 1031 651 mirum
1055 586 1192 668 nonsit,
1218 585 1302 666 quod
1330 604 1401 650 cum

227 692 352 772 aliquot
374 696 476 760 verba
499 699 567 759 tum
590 694 721 760 initium
753 694 891 774 exempli
919 701 963 776 ,ut
996 712 1066 758 cum
1092 694 1282 759 carceribus‘
1315 693 1402 774 apud

229 799 408 886 Vergilium
433 801 545 867 eadem
570 807 645 867 sunt
669 808 766 882 atque
790 801 876 882 apud
900 800 1080 867 Horatium.

334 909 520 975 Ceterorum
556 909 753 990 suspiciones
792 909 831 973 de
871 927 954 973 anno
991 907 1052 989 quo
1091 909 1215 990 scripta
1249 908 1402 974 videatur

227 1019 289 1081 sat.
316 1019 342 1098 1,
367 1017 420 1083 vel
443 1017 588 1083 incertae
617 1021 692 1083 sunt
719 1016 773 1083 uel
805 1017 889 1081 omni
917 1017 1151 1098 prababilitate
1180 1022 1302 1100 carent,
1330 1035 1402 1082 cum

227 1122 326 1188 certis
351 1105 567 1189 destituamur
591 1123 746 1205 temporis
773 1123 911 1189 indiciis.
958 1127 1065 1206 7111116
1094 1131 1245 1190 accurate
1274 1129 1402 1204 tempus

227 1233 283 1296 vix
311 1235 420 1312 potest
445 1231 578 1297 definiri.
626 1231 689 1296 Sed
712 1232 798 1296 infra
821 1231 967 1312 pluribus
991 1232 1030 1296 de
1055 1233 1116 1296 hac
1140 1232 1242 1296 satira
1268 1231 1402 1297 dicetur.

335 1341 465 1403 Certum
489 1345 597 1403 11176111
621 1339 775 1404 constitui
806 1345 916 1420 potest
947 1343 1073 1421 tempus
1105 1339 1237 1420 quintae
1269 1339 1401 1420 satirae,

227 1429 309 1525 111116
340 1450 389 1511 est
422 1445 608 1511 de.itinere
644 1447 850 1512 Brundisino.
908 1445 971 1512 Sed
1013 1446 1160 1528 pluribus
1202 1447 1236 1510 in
1278 1446 1401 1512 satirae

227 1559 353 1633 tempus
384 1552 546 1634 inquirere
586 1573 664 1635 opus
692 1573 756 1618 non
788 1559 851 1636 est3
882 1574 956 1618 nam
992 1559 1163 1636 postquam
1199 1553 1400 1620 Kirchnerus

227 1663 350 1740 quaest.
363 1680 392 1741 p.
411 1661 453 1754 54
471 1681 515 1740 sq.
529 1666 562 1727 et
575 1661 738 1726 Frankius
750 1682 779 1742 p.
793 1664 833 1726 ol
849 1681 885 1742 sq
898 1661 1080 1728 accuratius
1097 1662 1134 1727 da
1152 1662 1212 1726 hac
1242 1681 1277 1726 re
1303 1662 1402 1727 disse-

227 1772 369 1850 ruerunt,
386 1767 517 1834 dubium
538 1789 608 1834 esse
626 1770 746 1853 nequit,
763 1770 836 1852 quin
856 1775 916 1834 sat.
933 1770 953 1833 5
977 1789 1005 1836 a.
1022 1788 1051 1833 11.
1069 1769 1130 1832 717
1149 1769 1325 1858 composita
1348 1768 1403 1836 sit.

332 1876 526 1958 Longiorem
549 1881 659 1941 11176111
684 1881 717 1942 67
741 1877 896 1944 artiorem
920 1876 1180 1942 familiaritatem
1195 1881 1313 1957 poetae
1330 1896 1399 1941 cum

226 1985 422 2049 Maecenate
447 2003 542 2063 quam
566 1988 626 2051 sat.
650 1984 670 2047 5
694 1986 835 2065 produnt
859 1991 920 2052 sat.
945 1987 963 2048 6
989 1989 1022 2049 et
1054 1986 1083 2049 9.
1129 1985 1212 2050 Nam
1240 2004 1257 2049 6
1288 1989 1347 2049 sat.
1379 1986 1398 2048 6

227 2091 278 2173 (cf.
303 2111 385 2172 quae
402 2110 500 2171 supra
517 2092 556 2158 de
573 2093 634 2156 hac
651 2091 725 2178 sat.)
742 2081 1024 2176 patet'Horatium
1040 2091 1073 2156 in
1090 2095 1185 2156 tanta
1201 2091 1401 2157 Maecenatis

230 2200 340 2281 gratia
364 2198 473 2281 fuisse,
497 2205 533 2265 ut
557 2220 620 2264 non
644 2199 737 2264 modo
769 2219 873 2264 comes
904 2201 973 2264 eius
1003 2199 1037 2263 711
1068 2199 1186 2264 itinere
1218 2205 1311 2279 esset,
1344 2199 1402 2266 sed

227 2307 326 2372 etiam
350 2307 517 2373 convictor
541 2311 582 2389 (x.
605 2307 663 2394 47)
688 2315 722 2370 67
745 2306 1016 2372 familiarissimus
1049 2308 1092 2391 (u.
1124 2308 1167 2370 50
1198 2307 1268 2394 sq),
1301 2326 1402 2387 quare

227 2416 483 2480 obtrectatorum
506 2414 662 2480 invidiam
686 2414 748 2479 sibi
772 2414 935 2480 contraxit
960 2417 1001 2496 (v.
1026 2415 1093 2499 46).
1140 2415 1168 2478 E
1201 2434 1261 2479 sa.
1292 2417 1402 2480 autem

228 2525 247 2587 6
283 2522 479 2605 intelligitur
503 2523 531 2586 ei
556 2541 619 2586 non
643 2521 735 2586 modo
761 2523 978 2588 obtrectatum
1003 2541 1081 2603 esse,
1105 2523 1162 2587 sed
1194 2522 1293 2588 etiam
1325 2521 1402 2586 ami-

228 2629 339 2694 citiam
363 2635 430 2695 tam
454 2628 578 2694 firmam
599 2629 707 2712 fuisse,
731 2635 769 2694 ut
783 2629 928 2695 homines
945 2629 1119 2710 importuni
1135 2629 1233 2694 etiam
1249 2632 1400 2710 peterent

228 2738 268 2802 ab
294 2757 340 2819 eo,
364 2743 401 2801 ut
425 2737 513 2818 ipsos
536 2737 721 2802 Maecenati
745 2738 983 2802 commendaret
1011 2739 1052 2818 (v.
1079 2738 1122 2802 43
1148 2738 1235 2822 sqq).
1282 2737 1399 2815 laque

227 2850 287 2909 sat.
312 2846 331 2909 9
355 2849 429 2924 post
453 2848 514 2908 sat.
539 2845 558 2907 6
584 2863 755 2924 earumque
778 2850 948 2925 utramque
972 2849 1046 2924 post
1070 2848 1130 2910 sat.
1151 2847 1171 2909 5
1189 2843 1400 2925 compositam

227 2971 298 3017 esse
322 2970 431 3016 omnes
455 2955 524 3016 tere
548 2951 612 3016 viri
637 2951 723 3016 docti
747 2956 836 3017 recte
860 2952 946 3017 inter
978 2971 1012 3016 se
1043 2951 1257 3032 consentiunt,
1286 2950 1334 3013 ita
1362 2954 1400 3013 ut

227 3063 288 3124 sat.
315 3060 334 3124 6
360 3062 392 3122 et
417 3059 436 3122 6
460 3064 534 3139 post
557 3058 686 3123 initium
710 3059 786 3123 111117
810 3079 839 3125 u.
872 3061 933 3123 717
965 3059 1106 3139 scriptae
1138 3058 1220 3140 sint,
1245 3057 1287 3122 ad
1315 3057 1400 3136 quod

227 3172 354 3247 tempus
378 3169 430 3231 sat
454 3165 475 3229 5
499 3165 670 3230 referenda
694 3170 752 3232 est.
800 3165 863 3231 Sed
888 3171 978 3231 certa
1001 3166 1117 3230 desunt
1141 3164 1261 3230 indicia
1294 3164 1335 3228 ad
1367 3183 1402 3228 u-

227 3273 372 3353 triusque
397 3273 519 3338 satirae
542 3278 669 3353 tempus
694 3278 846 3338 accurate
873 3273 1094 3338 definiendum.

334 3380 454 3445 Sextae
479 3385 587 3445 autem
611 3381 732 3446 satirae
756 3385 883 3461 tempus
904 3380 1068 3445 Frankius
1091 3381 1152 3444 hoc
1175 3380 1268 3444 modo
1286 3378 1402 3444 consti-

227 3493 320 3553 tuere
344 3493 479 3553 conatus
504 3491 565 3552 est:
591 3488 854 3569 compositionem
886 3488 1009 3553 satirae
1039 3488 1252 3552 antecessisse
1284 3505 1402 3552 annum

227 3616 255 3661 u.
289 3598 362 3677 718,
395 3595 479 3675 quod
509 3594 564 3659 illo
602 3613 686 3660 anno
726 3601 758 3661 et
789 3596 1032 3676 insequentibus
1063 3596 1236 3660 Maecenas
1267 3596 1402 3660 absente

228 3703 366 3768 Caesare
390 3702 607 3784 principatum
631 3704 782 3785 tenuerit,
805 3709 905 3785 poeta
937 3708 1044 3768 autem
1074 3704 1114 3767 ab
1148 3702 1242 3767 initio
1271 3702 1402 3783 satirae,

228 3810 283 3875 ubi
306 3810 507 3876 Maecenatis
530 3810 735 3875 nobilitatem
750 3810 925 3894 praedicet,
950 3811 1082 3877 honoris
1103 3811 1191 3875 illius
1206 3810 1402 3874 mentionem

227 3937 291 3982 non
307 3916 436 3999 iecerit3
460 3917 576 3982 deinde
594 3918 680 3997 quod
696 3935 726 3982 v.
745 3919 808 3982 104
825 3937 870 3997 sq.
887 3918 951 3983 iter
967 3917 1197 3983 Brundisinum
1214 3916 1403 3999 respexerit,

228 4024 319 4104 sequi
342 4029 379 4090 ut
403 4031 462 4091 sat.
488 4028 507 4090 6
532 4025 677 4106 proxime
700 4031 774 4105 post
797 4026 1045 4105 praecedentem
1069 4025 1089 4089 7.
1105 4045 1130 4089 6.
1148 4029 1208 4090 sat.
1225 4027 1245 4090 5
1264 4025 1402 4090 exeunte

228 4134 452 4200 1111111717
479 4133 657 4213 composita
680 4133 733 4198 sit.
780 4131 844 4196 Sed
867 4133 957 4197 nulla
988 4151 1087 4198 causa
1115 4131 1187 4215 71177,
1219 4151 1276 4197 cur
1305 4135 1404 4213 poeta

228 4241 260 4305 in
284 4241 346 4305 hac
370 4240 473 4306 satira
497 4241 649 4305 bonorem
665 4241 755 4306 illurn
772 4245 1043 4322 commemoraret,
1067 4259 1138 4304 cum
1155 4239 1324 4304 ostendere
1342 4237 1404 4304 sibi

228 4346 448 4439 proposuisset
479 4349 719 4432 Maecenatem,
757 4367 948 4436 quamquam
976 4347 1176 4416 nobilissimo
1205 4347 1274 4418 loco
1307 4349 1404 4416 natus
