3190 4900
700 331 918 395 „26..

332 543 537 626 Quapropter
560 549 620 610 sat.
648 548 662 608 1
689 547 883 625 postremam
909 543 1047 608 omnium
1070 544 1188 624 prioris
1204 541 1278 620 libri
1297 540 1400 620 scrip-

225 656 300 733 tam,
325 651 357 715 in
380 651 473 717 initio
497 651 599 718 totius
622 651 697 717 libri
721 651 848 734 prologi
871 650 940 716 loco
966 651 1103 730 positam
1128 669 1199 716 esse
1222 653 1339 714 statuo.

331 759 426 838 Rrior
449 755 558 824 autem
580 759 664 824 liber
687 776 750 825 non
774 758 866 824 modo
890 759 1034 841 prologo,
1059 758 1115 823 sed
1146 759 1245 822 etiam
1269 756 1398 838 epilogo

225 859 484 948 circinnscriptus
519 871 578 931 est.
635 865 767 949 Epilogi
790 866 874 931 enim
898 865 968 931 loco
993 865 1055 929 toti
1078 863 1160 929 libro
1185 867 1246 930 sat.
1278 864 1319 928 10
1342 861 1398 926 ad-

226 971 298 1037 dita
320 977 379 1040 est.
426 974 497 1056 Qua
520 973 624 1039 satira
640 972 798 1038 Horatios
820 973 940 1037 iterum
965 971 1004 1036 de
1022 967 1138 1037 Lucilii
1155 970 1290 1038 satirica
1306 968 1398 1051 poesi

225 1081 408 1147 accuratius
448 1079 588 1163 disserit,
630 1084 667 1146 ut
706 1079 872 1146 confirmet
912 1078 1064 1147 iudicium
1107 1083 1167 1146 sat.
1210 1079 1232 1142 4
1276 1076 1315 1140 de
1358 1094 1396 1140 eo

225 1186 355 1271 iactum,
380 1188 465 1270 quod
488 1207 558 1254 eum
579 1187 687 1268 inique
704 1187 864 1269 tulissent,
887 1187 975 1253 band
992 1187 1087 1252 dubie
1103 1185 1197 1250 multi
1213 1185 1255 1250 ad
1270 1188 1395 1248 tantam

224 1296 389 1377 progressi
427 1301 503 1362 sunt
540 1295 631 1379 iram,
663 1299 700 1361 ut
736 1300 867 1377 podiam
902 1292 1110 1360 offenderent.
1169 1291 1397 1358 Defensionem

227 1406 336 1467 autem
359 1421 389 1469 v.
415 1404 457 1468 ta
481 1403 588 1470 subito
612 1403 829 1485 interrumpit,
854 1421 924 1467 curm
951 1401 1031 1466 dicit
1061 1420 1095 1466 se
1118 1419 1182 1465 non
1205 1397 1328 1466 moveri
1351 1398 1399 1462 in-

125 1566 127 1575 .
226 1508 316 1574 dicio
345 1508 501 1577 malorum
535 1514 704 1592 poetarum
734 1515 767 1574 et
795 1510 958 1576 hominum
986 1510 1207 1590 imperitorum
1236 1525 1274 1572 ac
1301 1505 1400 1571 male-

225 1613 379 1699 volorum,
396 1617 450 1699 qui
466 1616 654 1702 negligendi
670 1617 744 1698 sint,
761 1617 818 1684 sed
834 1617 916 1683 satis
932 1636 966 1682 se
978 1617 1107 1697 habere,
1125 1616 1209 1696 quod
1221 1616 1401 1696 probentur

225 1728 377 1808 po'e'mata
401 1744 460 1790 sua
476 1724 528 1806 (cf.
545 1743 575 1791 v.
592 1725 634 1790 82
651 1729 684 1790 et
702 1725 742 1790 88
760 1726 869 1809 ,haec‘)
886 1744 907 1789 a
923 1725 1015 1790 bonis
1031 1724 1137 1806 poetis
1154 1723 1401 1801 hominibusque

225 1831 446 1915 prudentibus,
470 1833 524 1913 qui
547 1834 666 1899 artium
689 1833 936 1914 litterarumque
960 1833 1055 1913 periti
1081 1836 1169 1897 recte
1193 1829 1252 1896 soli
1273 1828 1402 1910 possint

226 1938 383 2005 iudicare:

359 2047 401 2100 81.
422 2045 538 2115 ,Plotius
558 2055 587 2101 et
604 2048 714 2116 Varius,
734 2048 880 2103 Maecenas
899 2046 1095 2116 Vergiliusque

423 2135 542 2205 Valgius
562 2142 591 2191 et
609 2135 707 2205 probet
725 2138 793 2192 haec
813 2136 944 2192 Octavius
964 2136 1082 2204 optimus
1102 2140 1184 2202 atque

421 2226 526 2280 Fuscus
546 2228 660 2282 ethaeo
680 2226 785 2281 utinam
804 2227 947 2282 Viscorum
966 2227 1060 2280 laudet
1078 2232 1200 2292 uterque.

359 2315 394 2369 88
397 2353 670 2372 ...........
690 2317 787 2385 quibus
806 2317 882 2384 haec,
902 2322 967 2370 sunt
986 2315 1215 2383 qualiacumque.

413 2403 654 2476 ‚Arriderevelim
675 2407 810 2462 doliturus
831 2406 862 2472 ,si
882 2407 1011 2474 placeant
1030 2421 1078 2473 spe

422 2494 551 2549 Deterius
570 2502 673 2551 nostra.
711 2496 842 2559 Demetri,
862 2502 952 2566 teque,
972 2494 1084 2564 Tigelli,

422 2583 625 2654 Discipularum
645 2585 718 2640 inter
736 2585 816 2641 iubeo
834 2587 943 2654 plorare
962 2585 1125 2647 cathedras.

228 2669 329 2753 Quem
367 2675 473 2739 locum
520 2675 547 2740 si
593 2675 849 2743 consideraveris
891 2676 1010 2743 iudicio
1050 2695 1114 2740 non
1152 2676 1401 2756 praeoccupato,

227 2777 353 2845 fateare
376 2800 508 2847 necesse
532 2786 582 2848 est
606 2783 703 2865 ‚haec‘
728 2786 770 2866 (v.
794 2785 845 2850 82.
870 2785 924 2868 88)
948 2783 1153 2849 referendum
1175 2800 1239 2846 non
1263 2799 1333 2846 esse
1358 2780 1401 2844 ad

227 2886 311 2952 hane
334 2889 478 2973 satiram,
502 2891 560 2956 sed
582 2891 643 2956 hoo
666 2891 854 2972 pronomine
876 2896 1006 2973 poetam
1030 2889 1228 2970 complexum
1250 2905 1321 2952 esse
1336 2907 1402 2952 om-

228 3012 285 3060 nes
309 2995 437 3080 satirae,
462 3016 544 3078 quae
567 2999 766 3079 compositae
790 3003 884 3064 erant
907 3017 1007 3078 usque
1031 2996 1073 3062 ad
1096 3001 1231 3076 tempus,
1255 3013 1316 3074 quo
1341 2994 1401 3060 hos

228 3118 343 3168 versus
374 3103 512 3186 scripsit.
559 3106 629 3189 Quo
660 3105 697 3170 fit
725 3111 762 3170 ut
794 3110 854 3171 sat.
889 3108 930 3172 10
960 3123 1023 3170 non
1052 3103 1154 3169 solam
1181 3101 1312 3184 editam,
1344 3101 1404 3168 sed

229 3209 341 3276 satiris
354 3212 396 3277 ad
411 3211 445 3277 id
461 3217 587 3294 tempus
604 3213 790 3295 compositis
807 3212 926 3296 epilogi
949 3213 1019 3279 loco
1042 3211 1187 3276 additam
1204 3229 1275 3275 esse
1291 3208 1401 3275 ereda-

137 3387 138 3391 ,
229 3335 307 3382 mus.
355 3317 448 3400 Quod
471 3320 574 3402 ipsum
598 3325 692 3402 patet
716 3321 814 3386 etiam
838 3339 878 3385 ex
905 3319 1019 3385 ultimo
1048 3336 1144 3384 versu
1173 3316 1296 3383 satirae
1320 3317 1400 3401 (92):

389 3428 419 3495 ,I,
438 3442 514 3495 puer,
534 3433 616 3494 atque
635 3442 694 3482 meo
714 3427 784 3483 citus
804 3428 871 3482 haec
890 3426 1029 3481 subscribe
1048 3426 1159 3480 libello‘.

230 3513 392 3581 Hortatur
406 3521 504 3598 polita
521 3535 648 3583 servum
664 3516 841 3596 librarium,
867 3517 918 3584 cui
942 3517 1054 3599 dictat,
1078 3520 1115 3580 ut
1138 3515 1235 3598 ,haec‘
1267 3515 1287 3579 i.
1311 3533 1337 3578 e.
1362 3533 1402 3578 ea

230 3640 312 3701 quae
335 3641 365 3689 v.
390 3624 531 3691 78-91
558 3625 755 3708 dictasunt,
779 3625 962 3690 subscribat
986 3623 1106 3705 libello,
1139 3621 1192 3703 qui
1215 3620 1337 3686 satiras
1360 3620 1402 3685 ad

229 3728 263 3794 id
286 3735 412 3814 tempus
435 3733 576 3813 scriptas
604 3732 750 3798 continet
777 3732 828 3814 (cf.
852 3732 974 3797 Frank.
1005 3751 1034 3813 p.
1063 3732 1126 3814 41),
1155 3733 1192 3795 ut
1220 3726 1401 3793 adversarii

229 3843 436 3920 cognoscant,
460 3844 659 3921 quantopere
682 3859 745 3906 non
770 3845 941 3905 moveatur
964 3839 1005 3904 ab
1029 3855 1139 3904 eorum
1163 3835 1312 3901 clamore.

336 3943 509 4011 Teuffelius
533 3943 641 4012 autem
664 3965 694 4028 p.
722 3947 783 4012 113
808 3963 982 4027 pronomen
1006 3946 1104 4028 ,haec‘
1127 3962 1158 4010 v.
1178 3945 1221 4008 92
1242 3943 1285 4007 ad
1300 3944 1403 4009 verba

230 4050 333 4132 ,iubeo
365 4050 503 4133 plorare‘
535 4060 577 4134 (v.
612 4055 667 4138 91)
702 4052 907 4119 referendum
941 4070 1013 4118 esse
1047 4051 1228 4116 arbitratus
1263 4056 1323 4116 sat.
1361 4050 1402 4115 10

230 4158 393 4242 epilogum
405 4160 565 4242 appellari
588 4180 652 4226 non
675 4179 768 4242 posse
785 4159 874 4243 dicit,
898 4159 983 4239 quod
999 4157 1240 4224 substantivum
1256 4156 1402 4240 ,libellus‘

231 4266 273 4331 ad
296 4265 432 4332 satiram
455 4267 556 4332 solam
581 4265 633 4349 (cf.
657 4265 825 4332 Heindorf.
849 4265 892 4332 ad
907 4266 992 4330 hunc
1007 4264 1135 4352 locum),
1159 4283 1223 4328 non
1240 4263 1282 4328 ad
1298 4267 1402 4327 totum

231 4373 406 4439 satirarum
429 4372 546 4438 librum
570 4373 622 4458 (cl.
647 4374 754 4439 Bentl.
776 4373 889 4456 praef.)
913 4371 1086 4455 pertineat,
1110 4370 1302 4452 praesertim
1330 4388 1402 4436 cum

231 4481 379 4566 singulae
396 4481 518 4548 satirae
535 4479 644 4548 editae
660 4481 735 4565 sint,
750 4481 937 4565 priusquam
952 4479 986 4547 in
998 4483 1104 4546 totum
1120 4477 1238 4544 librum
1249 4476 1403 4544 redactae
