3190 4900
740 278 1054 344 .,6-.

138 511 142 518 ·
254 493 394 574 priorem
421 511 450 557 a.
473 513 503 558 u.
527 494 545 557 7
551 495 591 556 lb
615 491 668 558 vel
691 491 875 572 insequenti
899 496 939 574 (p.
965 495 1053 558 21-
1069 494 1134 578 41),
1150 493 1376 590 posteriorem
1408 513 1429 558 a

257 621 286 668 u.
312 601 376 666 724
400 602 440 682 (p.
457 601 497 664 41
511 600 577 686 sp).
624 600 742 666 Paucis
767 605 885 666 autern.
896 602 989 670 anuis
1012 606 1086 682 post
1103 601 1271 668 decadem
1287 621 1322 666 re
1339 621 1433 682 qnae-

258 708 337 774 sivit
360 709 528 792 Zumptius
553 708 586 773 in
610 707 936 774 commoneremus
959 709 1089 778 Horatii
1114 713 1147 773 et
1171 709 1210 774 de
1233 709 1433 791 temporibus

255 819 440 897 poematum
463 797 622 897 imprimis
646 815 822 880 satirarum
847 816 1039 902 (praemissa
1060 816 1349 882 aWuestemanno
1367 817 1432 882 edi-

255 921 337 988 tioni
353 932 413 988 sat.
428 921 597 988 Heindort.
613 922 670 988 alt.
688 941 716 986 a.
739 921 849 1009 1843).
896 921 1069 988 Kircbueri
1086 923 1171 988 enim
1187 924 1307 989 rationi
1325 941 1433 988 assen-

257 1049 310 1096 sus
322 1029 490 1110 Zumptius
506 1049 536 1110 p.
550 1030 689 1095 26-28
708 1029 858 1110 exposuit
874 1029 953 1095 duos
974 1031 1148 1096 satirarum
1163 1031 1265 1097 libros
1281 1032 1314 1096 in
1330 1051 1426 1096 unum

258 1156 372 1219 corpus
395 1137 545 1202 redactos
570 1141 709 1202 exeunte
733 1156 816 1215 anno
849 1156 879 1202 u.
906 1139 970 1203 724
1003 1138 1108 1203 editos
1140 1158 1219 1205 esse.
1265 1139 1362 1204 Cuius
1393 1139 1427 1204 in

258 1244 439 1326 opinionem
473 1245 684 1310 vehementer
725 1243 873 1309 invectus
905 1249 955 1310 est
988 1245 1040 1310 W.
1064 1244 1237 1312 l'euffelius
1276 1247 1310 1311 iu
1345 1247 1426 1312 Mus,

254 1355 357 1433 Rhen.
382 1372 411 1419 a.
437 1353 522 1418 1846
546 1356 621 1418 tom.
638 1351 685 1416 IV
707 1371 738 1432 p.
762 1353 963 1435 231-234,
987 1358 1158 1434 postquam
1182 1353 1215 1419 in
1239 1353 1350 1420 eodem
1372 1373 1427 1419 vo-

238 1460 374 1526 'lomine
395 1480 426 1544 p.
453 1460 648 1539 115-119,
677 1459 742 1524 210
766 1477 820 1539 sq„
846 1461 1037 1524 221-223
1061 1459 1200 1525 Frankii
1232 1461 1428 1526 sententiam

254 1570 293 1635 de
328 1563 482 1650 separata
516 1567 657 1632 editione
692 1567 854 1650 probavit,
889 1567 946 1632 sed
977 1567 1112 1634 alterius
1142 1568 1221 1636 libri
1252 1571 1428 1640 editionem

255 1695 355 1757 usque
378 1676 421 1742 ad
444 1695 563 1742 aunum
586 1695 615 1740 u.
646 1676 711 1739 730
741 1677 782 1740 ab
807 1675 946 1740 Horatio
977 1675 1140 1756 prolatam
1173 1698 1243 1744 esse
1276 1681 1427 1761 opinatus

255 1789 305 1850 est
334 1786 374 1866 (p.
405 1785 491 1864 221).
537 1785 648 1864 n‘uper
679 1788 787 1850 autem
811 1782 984 1849 'Martinus
1013 1783 1115 1848 Hertz
1147 1784 1180 1848 in
1203 1785 1351 1852 Analect.
1384 1787 1427 1852 ad

255 1911 350 1958 carm.
367 1893 482 1957 Horat.
505 1891 675 1957 historiam
704 1890 729 1954 I.
760 1889 836 1972 (iud.
860 1891 932 1956 lect.
951 1891 1142 1980 Vratislav.)
1167 1913 1195 1958 a.
1221 1895 1306 1959 1876
1330 1914 1358 1975 p.
1386 1895 1426 1960 15

255 1998 428 2064 Kirchneri
452 2004 485 2064 et
508 1998 651 2081 Zumptii
674 1997 833 2063 rationem
856 2003 986 2064 secutus
1015 2000 1094 2065 duos
1123 2002 1297 2068 satirarum
1326 2002 1427 2068 libros

255 2105 428 2172 Horatium
464 2106 658 2173 coniunctim
694 2125 777 2170 anno
810 2105 878 2170 fere
909 2125 938 2170 u.
972 2108 1035 2188 729
1067 2106 1101 2172 in
1132 2109 1250 2192 vulgus
1283 2110 1427 2174 emisisse

256 2212 383 2286 statuit.
430 2213 521 2297 Quae
545 2232 616 2278 cum
639 2213 688 2278 ita'
711 2212 786 2293 sint,
821 2212 998 2279 timendum
1020 2234 1084 2280 non
1109 2220 1168 2299 est,
1192 2237 1232 2282 ne
1264 2236 1332 2282 rem
1358 2217 1426 2282 inu-

255 2321 345 2388 tilem
360 2309 526 2416 suscipere
542 2321 665 2404 videar,
682 2340 753 2387 curn
766 2321 869 2386 denuo
886 2340 954 2388 rem
966 2323 1172 2390 tractandam
1184 2325 1263 2389 mihi
1278 2343 1427 2406 propono.

364 2431 440 2496 Jarn
465 2434 502 2494 ut
526 2448 725 2511 quaeramus,
749 2432 857 2495 utr'urn
881 2429 943 2494 duo
966 2430 1043 2497 libri
1065 2451 1128 2498 uno
1153 2433 1326 2514 eodemque
1347 2438 1427 2500 tern-

255 2559 333 2621 pore
357 2557 398 2604 an
416 2537 592 2618 separatim
616 2556 654 2602 ac
678 2536 807 2602 diverso
831 2541 976 2619 tempore
1000 2539 1033 2604 in
1049 2540 1212 2605 hominum
1226 2561 1342 2626 manus
1357 2562 1428 2624 per·

256 2646 415 2727 venerint,
438 2645 575 2727 primurn
599 2643 773 2711 videndum
798 2648 856 2727 est,
879 2665 955 2710 num
976 2664 1085 2713 omues
1102 2648 1224 2714 satirae
1240 2649 1335 2730 primi
1351 2651 1428 2717 libri

254 2754 361 2836 priore
385 2757 529 2834 ternpore
553 2753 695 2834 scriptae
719 2752 794 2834 sint,
819 2771 914 2832 quam
937 2772 1019 2833 quae
1043 2755 1077 2819 in
1097 2755 1201 2820 altero
1218 2757 1300 2823 libro
1316 2757 1428 2840 legun·

254 2866 316 2928 tur.
363 2859 426 2926 Sed
450 2879 521 2925 curn
544 2859 732 2942 saepissime
756 2864 864 2924 certae
888 2861 996 2926 desint
1018 2863 1170 2945 rationes,
1196 2864 1309 2943 quibus
1328 2862 1427 2928 innisi

255 2969 431 3048 satirarum
453 2971 601 3050 tempora
624 2966 757 3032 definire
781 2986 942 3050 queamus,
967 2967 1030 3034 viri
1054 2970 1141 3035 docti
1164 2969 1197 3035 iu
1228 2969 1427 3051 temporibus

256 3075 445 3142 definiendis
469 3081 502 3140 et
526 3075 721 3142 sententiam
746 3092 836 3139 suam
860 3079 893 3140 et
918 3076 1089 3141 arbitrium
1110 3079 1213 3143 secuti
1230 3076 1313 3143 alius
1337 3076 1427 3143 aliud

257 3183 497 3264 compositionis
520 3186 646 3264 tempus
670 3182 918 3248 constituerunt.

361 3291 490 3356 Primus
512 3291 677 3356 Frankius
699 3291 719 3356 l.
744 3291 764 3356 l.
788 3311 817 3372 p.
842 3292 1011 3356 82-122
1036 3292 1075 3368 de
1099 3293 1298 3374 temporibus
1319 3293 1427 3376 singu-

254 3403 359 3467 larum
390 3399 564 3466 satirarum
595 3398 828 3464 accuratiorem
867 3403 901 3463 et
932 3399 1171 3482 diligentiorem
1207 3400 1428 3480 quaestionem

255 3507 409 3580 instituit.
456 3505 553 3571 Cuius
576 3505 721 3571 rationes
744 3505 887 3572 maxime
910 3525 950 3572 ex
973 3510 1067 3588 parte
1090 3507 1235 3574 refutare
1263 3508 1326 3573 sibi
1355 3527 1428 3588 pro·

255 3615 363 3697 posuit
379 3612 552 3680 Teuffelius
575 3613 608 3678 in
624 3615 705 3681 Mus.
721 3613 824 3680 Rhen.
845 3614 865 3680 l.
880 3615 901 3679 l.
917 3636 947 3697 p.
965 3617 1127 3682 93-119
1145 3620 1178 3680 et
1193 3636 1223 3697 p.
1241 3616 1304 3681 208
1316 3655 1349 3664 -
1362 3616 1427 3680 223

255 3723 307 3810 (cf.
332 3723 372 3788 de
395 3721 595 3787 temborib'us
619 3725 678 3786 sat.
702 3721 758 3787 lib.
783 3723 815 3787 II
842 3729 1009 3789 comment.
1040 3723 1109 3788 eius
1141 3727 1202 3788 sat.
1232 3723 1287 3790 lib.
1319 3724 1353 3788 Π
1385 3723 1428 3790 ad

255 3831 425 3897 Kirchner.
449 3829 525 3895 edit.
549 3833 609 3896 sat.
634 3830 690 3895 alt.
715 3834 790 3894 tom.
814 3830 858 3913 Π,
881 3831 923 3914 b).
970 3830 1123 3910 Idemque
1147 3831 1181 3896 in
1205 3830 1315 3896 eodem
1339 3829 1428 3897 volu·

255 3941 340 4006 mine
363 3960 393 4021 p.
418 3938 765 4019 224-24121111111111
789 3938 934 4004 rationes
957 3938 1080 4020 reiecit,
1105 3940 1160 4019 qui
1182 3939 1202 4005 l.
1224 3939 1243 4004 l.
1260 3960 1289 4020 p.
1307 3941 1427 4005 3-42

255 4048 412 4130 imprimis
437 4047 475 4112 de
499 4046 674 4112 satirarum
697 4045 904 4129 temporibus,
936 4051 1094 4127 utsupra
1118 4045 1265 4130 diximus,
1296 4047 1428 4113 uberius

256 4155 445 4239 disputavit,
480 4155 537 4220 sed
572 4154 771 4238 singularum
802 4153 976 4220 satirarum
1010 4159 1157 4236 tempora
1187 4174 1251 4221 uon
1282 4156 1375 4220 modo
1407 4177 1428 4222 a

257 4263 413 4347 Teuffelii‚
437 4263 493 4328 sed
517 4263 616 4328 etiam
640 4282 660 4327 a
683 4261 821 4329 Fraukii
844 4262 1025 4328 rationibus
1058 4262 1280 4329 diversissima
1311 4266 1428 4330 consti-

256 4372 328 4442 tuit.
376 4369 439 4442 seu
462 4369 630 4457 Zumptius
654 4389 767 4457 parum
791 4370 957 4442 subtiliter
981 4371 1020 4444 de
1043 4372 1105 4443 hac
1129 4390 1164 4443 re
1188 4370 1350 4462 disseruit
1377 4372 1428 4446 ita
