3190 4900
555 269 867 358 477.-

172 505 213 574 ad
245 525 272 572 a.
297 523 327 573 u.
353 506 417 572 718
442 504 618 572 descendit.
665 503 730 571 Sed
753 503 891 570 Horatio
916 504 1012 570 Bruti
1039 504 1193 573 memoria
1220 509 1362 590 semper

170 633 264 681 sacra
287 613 358 695 tuit,
382 612 481 678 etiam
504 631 576 678 cum
599 613 633 678 in
656 616 768 696 partes
792 611 967 678 Octaviani
993 631 1170 696 propensus
1199 633 1270 682 esse
1298 614 1346 681 in-

169 719 311 803 ceperat.
356 721 415 784 Mt
434 738 512 786 vero
543 737 647 800 neque
678 719 713 786 in
744 722 817 784 tota
848 719 952 786 satira
982 739 1086 802 neque
1117 722 1151 788 in
1182 720 1253 788 loco
1287 722 1344 788 illo

170 829 341 910 quicquam
365 826 588 893 contumeliosi
611 826 704 911 inest,
729 845 790 907 quo
815 826 899 892 salse
923 831 1085 912 tangatur
1099 827 1249 910 Rupilius
1264 829 1345 914 Rex,

167 943 206 1004 ut
229 939 312 1002 uene
335 935 433 1002 schol.
456 933 589 1016 Porph.:
613 934 732 1018 ,iocans
754 934 789 1000 in
811 953 927 1000 nomen
952 933 1054 1018 Regis
1080 934 1205 1018 Rupilii
1230 936 1292 1004 ait:
1317 936 1344 1002 Ο

169 1046 282 1128 Brute,
306 1060 440 1124 sequere
464 1041 593 1125 generis
617 1041 666 1107 tui
697 1041 835 1124 gloriam
863 1046 896 1108 et
926 1042 1012 1108 hunc
1033 1042 1199 1124 Rupilium
1222 1044 1346 1127 Regem

147 1151 351 1236 ‘extinguet‘
403 1150 515 1230 Neque
546 1148 742 1246 investigari
773 1153 892 1238 potest,
925 1169 1020 1232 quam
1053 1151 1154 1217 multo
1185 1156 1263 1218 ante
1293 1151 1347 1218 vel

171 1263 246 1342 post
276 1277 345 1325 rem
368 1257 652 1348 illamridiculam
676 1258 756 1323 haec
778 1256 888 1338 lepida
910 1256 1056 1324 narratio
1080 1257 1203 1340 scripta
1226 1259 1270 1325 sit
1293 1251 1345 1346 (ci.

172 1365 341 1433 Heindorf.
357 1365 399 1430 ad
419 1365 504 1430 hanc
519 1365 607 1451 sat.);
629 1383 704 1430 nam
721 1364 805 1430 tales
821 1363 1084 1432 narratiunculae
1101 1365 1346 1448 omnitempore

169 1473 302 1540 narrari
325 1477 468 1556 possunt,
492 1476 529 1537 ut
549 1471 603 1538 uel
617 1471 758 1537 lectores
774 1471 827 1538 vel
843 1471 1008 1540 auditores
1025 1472 1235 1540 delectentur.
1281 1473 1347 1555 Ita

173 1603 236 1663 quc
261 1601 322 1664 quo
347 1599 432 1646 anno
456 1584 518 1646 sat.
543 1579 560 1643 7
587 1578 765 1660 composita
788 1579 841 1662 sit,
862 1581 1022 1646 incertum
1045 1584 1104 1646 θεῖ.

281 1691 357 1755 dam
380 1687 420 1752 de
444 1690 507 1752 sat.
532 1687 560 1750 8.
606 1687 711 1752 Poeta
727 1685 882 1768 Priapum
905 1685 1031 1752 inducit
1046 1691 1242 1771 narrantem,
1267 1707 1346 1768 quas

175 1801 265 1862 artes
285 1794 453 1862 Canidiam
477 1792 653 1859 veneficam
678 1793 732 1880 (de
756 1813 819 1874 qua
842 1794 933 1876 epod.
949 1795 978 1877 3,
1004 1796 1023 1860 8
1048 1798 1082 1859 ct
1105 1792 1195 1876 epod.
1218 1794 1251 1879 5)
1275 1813 1347 1860 cum

173 1903 306 1987 Sagana
340 1903 429 1968 socia
460 1903 664 1967 exercentem
695 1899 817 1966 viderit
848 1900 882 1966 in
913 1901 1094 1984 sepulcreto
1124 1901 1159 1967 in
1189 1900 1347 1982 Esquiliis

172 2011 247 2094 site,
270 2010 326 2076 ubi
349 2028 433 2075 nnnc
457 2027 587 2092 ‚aggere
609 2006 642 2072 in
668 2007 777 2089 aprico
802 2007 948 2088 spatiari‘
971 2013 1014 2089 (v.
1048 2008 1101 2096 15)
1133 2008 1240 2093 liccat,
1271 2009 1347 2075 olim

146 2115 149 2120 ’
173 2117 262 2186 1711θε
286 2121 319 2184 et
346 2117 436 2182 ferae
466 2115 581 2198 vagati
612 2115 686 2181 sint.
732 2115 955 2181 Maecenatem
985 2119 1095 2181 autem
1125 2115 1159 2180 in
1189 2115 1347 2196 Esquiliis

174 2228 216 2292 ab
241 2245 269 2291 a.
293 2245 323 2292 u.
348 2225 411 2288 723
437 2223 604 2288 habitasse
628 2226 758 2288 constat
781 2221 832 2306 (ci.
857 2222 947 2303 epod.
972 2224 1001 2306 9,
1027 2225 1044 2289 1
1073 2241 1128 2305 sq,
1156 2227 1217 2289 sat.
1247 2224 1288 2305 ll,
1317 2226 1346 2307 6,

174 2336 219 2401 32
243 2337 301 2417 sq.)
347 2332 377 2395 M
400 2329 505 2396 satira
528 2334 636 2395 autem
660 2329 731 2412 ipsa
754 2329 819 2395 viri
835 2329 922 2396 docti
938 2348 1095 2411 apparere
1110 2334 1229 2411 putant
1243 2350 1346 2412 neque

173 2459 278 2508 nouos
309 2438 423 2503 hortos
454 2437 550 2518 plane
583 2435 747 2503 confectos
777 2454 881 2517 neque
910 2436 1038 2502 domum
1071 2437 1161 2505 illam
1195 2457 1346 2521 magnam

173 2545 375 2613 Maecenatis
399 2543 450 2624 (ct.
467 2563 563 2610 carm.
584 2545 643 2627 111,
667 2545 718 2626 29,
745 2545 793 2610 10.
818 2544 908 2625 epod.
932 2546 962 2627 9,
986 2545 1018 2630 3)
1047 2545 1210 2611 conditam
1238 2544 1347 2630 tuisse,

174 2673 245 2736 cum
270 2672 309 2718 ea
332 2652 454 2733 scripta
478 2657 536 2718 est.
582 2651 747 2716 Fraukins
770 2650 875 2734 igitur
897 2672 925 2733 p.
954 2653 1015 2719 103
1040 2672 1085 2733 sq.
1115 2652 1237 2718 satirae
1269 2657 1347 2719 tem-

173 2780 234 2844 pus
258 2761 318 2825 hoc
341 2758 434 2824 modo
452 2757 844 2840 constituendumputatr
869 2777 940 2826 cum
964 2779 982 2825 e
1005 2764 1067 2825 sat.
1090 2759 1133 2843 Π,
1158 2761 1187 2844 3,
1211 2761 1275 2826 308
1300 2780 1346 2841 sq.

174 2871 289 2948 pateat
313 2864 494 2932 aedificium
517 2865 599 2931 illud
621 2867 762 2932 nondum
785 2865 881 2946 plane
906 2871 1106 2932 exstructum
1129 2866 1229 2934 fuisse
1260 2886 1288 2933 a.
1318 2887 1348 2934 u.

177 2976 250 3056 721,
275 2993 367 3053 quem
391 2973 434 3040 ad
456 2992 575 3039 annum
599 2973 718 3055 satrII,
743 2974 763 3036 3
787 2972 959 3039 referenda
982 2972 1033 3056 sit,
1057 2973 1223 3039 hortorum
1246 2977 1348 3040 struc-

176 3085 284 3145 turam
307 3098 344 3146 eo
368 3081 473 3164 magis
497 3085 574 3147 ante
599 3099 718 3145 annum
733 3078 824 3146 illum
840 3099 868 3145 u.
887 3080 950 3146 723
966 3079 1130 3161 inceptam
1146 3099 1232 3161 esse;
1255 3081 1347 3160 atqui

176 3191 210 3252 θῖ
234 3191 376 3253 aetatem
400 3187 608 3266 ordinemque
631 3185 834 3267 respicienda
857 3204 927 3251 esse
944 3190 977 3281 θῖ
994 3173 1142 3252 constare
1158 3187 1348 3253 confirmata

173 3295 239 3360 iam
262 3293 465 3360 Maecenatis
489 3298 522 3360 θῖ
546 3297 663 3375 poetae
694 3291 921 3360 familiaritate
952 3297 1026 3375 post
1058 3311 1085 3358 a.
1118 3313 1147 3360 u.
1179 3295 1242 3358 717
1276 3313 1348 3360 eam

175 3401 330 3483 scriptam
353 3419 433 3481 esse,
456 3419 527 3466 cum
547 3419 609 3466 non
634 3401 727 3466 modo
756 3399 965 3466 honorificam
995 3418 1151 3466 novorum
1181 3401 1346 3467 hortorum

176 3507 371 3574 mentionem
396 3507 498 3574 faciat
520 3512 619 3589 poeta
642 3511 683 3590 (v.
710 3510 759 3574 14.
785 3507 848 3594 15),
872 3507 929 3572 sed
956 3512 1142 3573 accuratam
1174 3508 1273 3573 etiam
1303 3507 1347 3574 lo·

175 3635 284 3682 corum
308 3615 427 3697 prodat
450 3615 602 3690 notitiam
626 3618 668 3697 (u.
695 3616 744 3681 12.
770 3616 837 3698 13);
861 3633 938 3696 ergo
964 3620 1024 3680 sat.
1049 3615 1068 3678 8
1093 3632 1121 3682 a.
1144 3633 1173 3679 u.
1206 3616 1270 3682 718
1293 3616 1347 3682 vel

174 3722 268 3788 initio
292 3721 493 3802 insequentis
513 3720 755 3788 attribuendam
771 3741 850 3787 esse.
897 3719 1070 3787 Teuffclius
1087 3725 1194 3787 autem
1211 3721 1347 3787 satiram

175 3829 289 3894 retulit
312 3828 354 3894 ad
378 3848 406 3894 a.
435 3848 464 3895 u.
497 3830 570 3912 714,
600 3829 770 3910 Zumptius
802 3829 845 3895 ad
878 3847 905 3894 a.
937 3847 966 3895 u.
999 3828 1073 3910 715,
1103 3845 1206 3908 neque
1237 3832 1347 3895 tamen

175 3944 369 4018 argumenta
392 3936 528 4002 addidit.
574 3935 639 4002 Sed
662 3955 715 4002 res
738 3955 870 4018 prorsus
894 3937 1020 4002 incerta
1043 3939 1103 4020 est,
1127 3953 1198 4000 cum
1214 3934 1347 4002 inuesti-

175 4044 249 4124 gari
272 4047 421 4126 nequeat,
446 4043 572 4123 quando
597 4043 684 4109 horti
708 4044 788 4109 facti
812 4044 885 4110 siut.
932 4041 1074 4109 Maxime
1090 4046 1199 4108 autem
1215 4042 1346 4108 dubium

176 4154 235 4227 θεῖ,
258 4169 333 4216 num
357 4150 434 4216 novi
457 4150 505 4215 illi
529 4150 617 4216 horti
642 4154 683 4233 (u.
707 4152 741 4238 7)
765 4150 967 4217 Maecenatis
997 4149 1071 4231 sint,
1104 4167 1296 4230 quamquam
1327 4169 1348 4216 a

176 4257 273 4322 schol.
298 4257 391 4337 Oruq.
417 4257 458 4324 ad
482 4258 604 4338 ‚hortis‘
628 4258 672 4344 (v.
697 4260 728 4337 7)
754 4257 944 4340 adiungitur
971 4275 1082 4339 ,nuper
1112 4275 1132 4322 a
1154 4257 1346 4323 Maecenate

176 4363 360 4445 institutis';
384 4383 459 4430 nam
482 4365 579 4429 schol.
604 4370 640 4428 ut
664 4365 774 4430 multis
798 4364 871 4430 aliis
886 4364 966 4429 locis
982 4364 1032 4429 ita
1048 4364 1101 4428 hic
1117 4365 1186 4428 sine
1203 4365 1346 4444 antiquis
