3190 4900
729 338 948 400 ..24-

204 563 205 570 ’
253 549 406 634 crustula,
444 555 482 616 ut
519 549 625 632 prima
667 549 851 618 litterarum
895 552 1055 616 elementa
1093 551 1248 618 libentius
1291 550 1429 618 discant.

253 656 416 740 Quomodo
440 657 525 724 satis
545 657 642 740 plane
666 657 839 739 exponitur
863 659 924 724 bao
947 659 1052 725 satira
1074 658 1251 742 consilinm,
1280 658 1365 740 quod
1392 654 1428 722 in

252 762 365 830 satiris
387 763 566 831 scribendis
589 767 689 846 poeta
710 771 879 832 secuturus
902 770 961 832 111.

358 871 477 953 111111
491 870 650 938 Horatius
665 870 889 940 Maecenatem
912 873 1094 956 appellasse
1117 871 1280 955 putandus
1296 875 1428 936 estnon

253 978 338 1059 quod
360 997 457 1045 unam
479 977 625 1062 satiram,
648 977 688 1044 de
712 997 776 1059 qua
792 978 934 1048 dicimus
957 980 1009 1066 (cl.
1032 977 1163 1046 Teuffel.
1191 997 1222 1061 p.
1253 979 1339 1061 111),
1368 977 1428 1043 sed

251 1089 358 1152 totum
373 1085 547 1152 satirarum
562 1085 707 1152 libellum
725 1086 754 1152 ei
770 1086 915 1154 dedicari
931 1087 1043 1170 voluit,
1067 1085 1151 1167 quod
1167 1085 1313 1152 Frankio
1336 1103 1365 1168 p.
1383 1085 1426 1150 36

251 1191 383 1275 placuit.

358 1299 527 1382 Zumptius
550 1305 659 1367 autem
681 1319 712 1383 p.
736 1300 778 1368 35
801 1299 891 1369 inani
914 1298 1041 1368 ratione
1064 1319 1141 1368 usus
1157 1300 1238 1367 dicit
1252 1297 1426 1366 Horatium

252 1409 355 1474 1111
381 1406 499 1474 ceteris
521 1407 747 1490 praeposuisse
775 1415 950 1492 propterea
981 1407 1066 1490 quod
1089 1409 1151 1474 hac
1179 1404 1337 1488 imprimis
1363 1409 1426 1470 sat.

252 1532 335 1595 quae
365 1518 480 1596 postea
510 1515 649 1582 senserit
680 1515 720 1582 de
750 1515 823 1583 uita
852 1517 1002 1596 humana,
1037 1534 1191 1596 expressa
1218 1513 1298 1595 sint3
1328 1529 1426 1592 quam

252 1621 448 1689 sententiam
470 1627 559 1689 reate
581 1623 705 1691 refutat
720 1623 894 1692 Teudelius
916 1643 946 1706 p.
971 1625 1045 1708 239,
1068 1641 1139 1689 cum
1155 1621 1236 1688 dicit
1250 1618 1425 1687 Horatium

252 1747 281 1796 a
310 1747 340 1796 u.
372 1729 446 1813 728,
482 1747 575 1810 quem
606 1731 648 1796 ad
678 1751 797 1798 annum
828 1731 1010 1814 Zumptius.
1028 1730 1112 1797 hanc
1148 1728 1283 1796 satiram
1313 1724 1425 1808 refert,

252 1834 534 1904 undetncesimum
557 1836 684 1904 demum
706 1858 825 1906 annum
849 1839 963 1922 egisse.

358 1942 406 2007 At
428 1944 510 2010 satis
533 1944 628 2010 multi
651 1950 726 2012 sunt
750 1946 783 2013 in
800 1950 962 2029 erprctes,
986 1945 1040 2026 qui
1064 1948 1125 2012 sat.
1150 1946 1168 2009 1
1193 1942 1280 2008 inter
1302 1940 1425 2022 primas

252 2048 455 2116 referendam
478 2069 549 2119 esse
571 2057 726 2120 censeant
748 2054 854 2122 tribus
878 2054 917 2122 de
941 2053 1056 2136 causis,
1079 2069 1215 2133 quarum
1241 2047 1346 2132 prima
1374 2050 1426 2114 est

253 2155 339 2237 quod
362 2163 588 2242 argumentum
611 2179 675 2226 non
699 2165 812 2244 aptum
833 2161 879 2228 sit
902 2161 944 2228 ad
966 2160 1143 2245 prologum,
1166 2158 1272 2226 altera
1288 2154 1373 2238 quod
1389 2153 1423 2220 in

253 2264 315 2330 hac
336 2265 439 2332 satira
460 2265 545 2333 uitia
561 2265 760 2352 elocutionis
784 2269 968 2353 argumenti
988 2267 1210 2351 dispositionis
1225 2283 1291 2331 non
1306 2263 1423 2340 desint,

180 2417 183 2424 .
251 2373 444 2454 praesertim
459 2392 531 2440 cum
546 2374 705 2443 transitus
720 2375 930 2443 inveniantur
944 2375 1040 2442 nimis
1055 2375 1187 2457 abrupti
1199 2374 1250 2457 (ci.
1265 2369 1423 2454 imprimis

251 2498 282 2547 1.
308 2481 393 2566 108),
415 2480 517 2548 tertia
539 2482 624 2563 quod
646 2482 749 2550 totius
772 2484 895 2550 satirae
918 2483 1026 2550 exitus
1048 2487 1086 2549 ut
1108 2482 1184 2548 huie
1211 2481 1260 2548 ita
1291 2478 1424 2546 cuilibet

253 2588 376 2654 satirae
400 2581 537 2673 adiungi
561 2591 713 2672 potuerit.
759 2589 823 2658 Sed
845 2590 950 2672 prima
974 2609 1073 2658 causa
1096 2609 1195 2672 supra
1210 2588 1356 2656 refutata
1371 2591 1432 2652 est.

252 2695 362 2777 Atque
386 2695 494 2763 exitus
517 2696 641 2765 satirae
663 2697 714 2763 111
737 2701 788 2764 111
811 2703 1018 2781 comparatus
1033 2703 1071 2764 ut
1085 2699 1225 2764 maxime
1242 2695 1432 2764 coniunctus

253 2801 297 2870 sit
321 2822 392 2869 cum
414 2804 541 2884 reliqua
556 2808 651 2886 parte
674 2804 806 2872 satirae.
853 2805 1069 2889 Lepidissima
1086 2805 1170 2872 enim
1188 2805 1247 2871 illa
1266 2801 1432 2870 sententia

253 2910 360 2977 facete
383 2915 418 2977 et
440 2911 548 2977 iocose
571 2910 645 2988 finis
667 2912 791 2978 satirae
813 2911 993 2994 imponitur
1014 2911 1204 2996 aptissimus
1227 2912 1270 2978 ad
1285 2909 1432 2991 satiram,

254 3036 337 3098 quae
357 3017 486 3102 prologi
513 3018 583 3086 loco
607 3018 726 3085 ceteris
748 3020 928 3102 praemissa
951 3026 1009 3087 est.
1055 3020 1139 3087 Nam
1160 3039 1230 3086 curn
1247 3017 1431 3099 crispinum

254 3124 398 3192 Stoicum
419 3124 557 3209 deridet,
580 3125 635 3206 qni
650 3126 783 3193 insulsis
800 3127 948 3195 uersibus
964 3127 1127 3195 hominum
1143 3146 1248 3194 mores
1266 3125 1432 3208 castigare

163 3229 165 3236 ⁴
253 3233 380 3300 solebat
403 3236 436 3299 et
465 3234 506 3300 ab
538 3233 728 3315 aequalibus
758 3236 947 3320 aretalogus
976 3236 1162 3302 nominatus
1192 3239 1252 3318 est,
1283 3233 1364 3299 dicit
1394 3250 1431 3298 se

255 3339 438 3423 comparari
460 3359 526 3408 non
550 3341 635 3407 11111
659 3361 730 3408 cum
753 3341 819 3408 illis
835 3341 954 3410 Stoicis
977 3343 1160 3409 hominibus
1175 3342 1330 3425 molestis,
1354 3358 1431 3422 quo-

254 3465 324 3513 rum
356 3446 461 3514 oratio
499 3448 690 3532 languescat
729 3453 763 3516 et
795 3449 965 3516 audientes
994 3450 1104 3517 taedio
1138 3451 1272 3533 obruat,
1304 3449 1358 3530 qni
1389 3447 1431 3515 de

257 3552 437 3623 virtutibus
459 3555 550 3637 loqui
572 3575 636 3623 non
660 3556 827 3640 desinant3
850 3577 885 3626 se
901 3557 1006 3640 ipsum
1022 3576 1147 3639 quoque
1164 3557 1328 3642 castigare
1343 3555 1431 3623 velle

255 3661 418 3728 bominum
435 3682 549 3747 mores,
572 3665 630 3731 sed
650 3665 811 3732 ridentem
834 3684 869 3731 se
893 3665 1000 3731 dicere
1016 3684 1128 3732 verum
1144 3665 1186 3752 (1.
1203 3666 1267 3750 24).
1312 3663 1431 3744 itaque

255 3769 346 3836 exitu
361 3789 487 3852 quoque
507 3771 630 3839 satirae
646 3772 888 3839 demonstratur
902 3791 1001 3838 causa
1016 3777 1115 3853 atquc
1131 3771 1259 3839 utilitas
1275 3771 1431 3839 satiricae

254 3875 369 3959 poesis.
415 3878 534 3945 Mirum
556 3878 659 3963 igitur
682 3883 742 3963 est,
766 3879 851 3961 quod
866 3878 1041 3946 Teuffelins
1066 3900 1096 3962 p.
1127 3881 1189 3945 117
1215 3878 1323 3947 adnot.
1348 3878 1430 3946 dicit

254 3987 384 4066 poetam
407 3984 442 4052 in
465 3987 528 4053 hac
550 3987 654 4054 satira
676 3987 758 4052 nibil
781 3987 823 4055 ad
847 4005 881 4053 se
905 4006 1026 4068 111111
1050 3987 1159 4054 studia
1182 3996 1314 4056 reterre.

359 4091 514 4174 Sequitur
536 4099 573 4160 ut
597 4095 734 4162 alteram
757 4095 934 4162 refutemus
958 4113 1095 4179 causam,
1120 4114 1202 4177 quae
1225 4094 1328 4162 movit
1351 4114 1430 4161 non-

254 4199 360 4266 nullos
389 4200 478 4268 viros
510 4201 631 4287 doctos,
662 4207 699 4268 ut
729 4207 788 4271 sat.
824 4213 838 4270 1
871 4221 936 4270 non
967 4203 1010 4269 ad
1041 4201 1173 4270 ultimas
1202 4203 1321 4284 prioris
1351 4203 1430 4270 libri

254 4307 551 4378 reiercndamesse
575 4310 816 4379 contenderent.
862 4310 1042 4393 Dispositio
1065 4310 1150 4376 enim
1177 4315 1212 4376 et
1240 4309 1429 4393 explanatio

255 4415 377 4483 satirae
400 4419 470 4486 tam
494 4417 630 4503 egregia
652 4423 687 4486 et
709 4423 778 4485 tam
801 4417 979 4487 artificiosa
1001 4417 1140 4504 uidetur,
1163 4424 1201 4485 11
1228 4417 1315 4484 inter
1335 4435 1431 4501 prae-

1571 4667 1575 4862 Ι
