3190 4900
715 335 937 422 μω..

240 579 281 627 611
305 562 455 644 priuatae
479 562 540 626 1166
565 559 782 627 bibliothecae
799 559 928 643 tuerint,
939 555 942 562 ⁴
953 565 1060 625 utrum
1077 561 1116 624 ab
1134 559 1248 626 Asinio
1264 560 1412 626 Pollione

240 690 267 734 a,
291 689 321 736 u.
346 671 410 734 110
435 669 584 734 conditae
609 687 649 732 an
674 671 714 733 ab
738 669 888 752 Augusto
915 667 1124 750 (bibliotheca
1141 667 1324 735 Octauiana
1334 688 1413 733 -con-

225 777 361 842 (11166.
386 795 414 842 u.
441 778 520 858 7213
546 776 771 841 6111661661
801 774 902 856 praei.
933 781 1100 840 comment.
1132 796 1204 859 pag.
1238 775 1302 862 14).
1348 776 1413 840 Sed

239 886 320 950 haec
344 883 518 964 66661666
542 883 613 963 ipso
637 883 720 948 male
745 882 911 947 intellecto
936 902 955 948 a
979 882 1163 948 scholiastis
1187 883 1312 948 tradita
1328 888 1412 966 sunt,

195 1043 196 1058 ,
239 1011 276 1058 66
300 989 405 1072 magis
430 989 514 1055 omni
537 989 770 1072 probabilitate
794 995 916 1072 carent,
940 989 1025 1069 quod
1048 989 1146 1054 schol.
1162 989 1247 1055 Acro
1270 991 1310 1056 de
1327 991 1413 1055 dela·

240 1099 330 1164 tione
353 1101 427 1180 post
450 1102 586 1162 mortem
610 1097 678 1162 eius
702 1096 791 1162 facta
818 1097 913 1178 dicit;
938 1097 995 1162 sed
1019 1116 1036 1160 e
1060 1100 1120 1162 sat.
1152 1097 1178 1179 I,
1211 1099 1260 1180 10,
1293 1099 1334 1163 19
1366 1117 1412 1178 66.

240 1211 333 1288 66161
357 1225 428 1271 eum
451 1205 573 1270 vixisse
597 1209 666 1269 tum
695 1222 765 1268 eum
797 1205 907 1285 satira,
940 1205 979 1268 (16
1011 1224 1074 1284 666
1105 1204 1258 1287 cicinno,
1290 1205 1413 1286 scripta

241 1318 300 1394 est,
324 1332 399 1380 nam
422 1311 524 1393 priori
547 1311 685 1392 tempori
710 1329 803 1391 qnam
829 1316 888 1376 sat.
918 1312 956 1376 10
981 1331 1050 1377 6661
1075 1312 1317 1378 attribuendam
1342 1331 1412 1376 esse

240 1439 339 1501 supra
362 1419 573 1500 exposuimus.
619 1418 736 1498 ltaque
760 1417 924 1483 Frankius
947 1438 976 1500 p.
998 1421 1042 1484 04
1058 1419 1274 1484 bibliothecae
1291 1420 1414 1485 nullam

239 1527 310 1593 fieri
344 1526 539 1592 mentionem
574 1531 662 1590 reete
698 1525 796 1610 dicit,
836 1525 893 1590 sed
927 1525 1084 1591 Horatius
1119 1527 1204 1592 salse
1243 1527 1413 1608 praedicat

239 1633 408 1716 Fannium,
433 1633 574 1713 quinon
598 1637 741 1715 rogatus,
765 1633 822 1696 sed
845 1633 930 1696 ultro
955 1633 1077 1714 scripta
1099 1653 1157 1699 sua
1182 1637 1215 1698 61
1238 1633 1411 1716 imaginem

241 1741 344 1822 primo
368 1740 481 1820 cuique
505 1740 632 1808 domum
657 1739 793 1804 deierat.

348 1867 439 1950 Quae
464 1886 535 1932 cum
558 1866 607 1931 ita
630 1865 704 1948 sint,
731 1866 831 1930 etiam
855 1866 894 1931 de
919 1869 1024 1931 6614
1048 1865 1129 1932 611111
1150 1867 1287 1949 amplius
1303 1870 1412 1947 potest

241 1974 404 2039 adfirmari
428 1973 491 2039 nisi
515 1974 599 2054 quod
623 1992 720 2053 supra
744 1974 961 2056 cognovimus,
986 1991 1056 2038 eam
1080 1978 1153 2054 post
1170 1977 1229 2041 sat.
1248 1976 1267 2037 2
1285 1978 1410 2037 etanta

242 2087 302 2150 sat.
330 2084 371 2148 10
395 2081 604 2162 compositam
628 2099 706 2146 esse.

346 2209 369 2273 J
371 2228 422 2273 am
447 2225 646 2288 6666166166,
671 2225 750 2288 6666
774 2207 815 2271 ad
839 2225 940 2272 annos
964 2210 1024 2270 661.
1055 2209 1073 2271 1
1106 2211 1139 2270 61
1171 2207 1189 2270 8
1222 2205 1412 2272 referendae

240 2315 314 2381 sint.
361 2315 429 2380 Sat.
454 2317 471 2378 1
498 2313 605 2379 faceto
631 2319 664 2380 et
686 2313 792 2395 lepido
817 2313 910 2378 modo
935 2313 1130 2379 describitur
1152 2312 1202 2394 lis,
1226 2333 1321 2393 quam
1336 2314 1413 2378 Per-

240 2423 306 2488 sius
331 2423 460 2501 quidam
484 2421 520 2485 P.
543 2421 674 2502 Rupilio
698 2420 784 2504 Regi
815 2421 1014 2502 intenderat,
1046 2439 1116 2486 66111
1147 2425 1246 2501 poeta
1277 2421 1344 2501 ipse
1367 2421 1410 2485 M.

239 2531 342 2595 Bruto
367 2548 522 2594 summam
545 2527 673 2609 imperii
697 2532 829 2593 tenente
852 2527 886 2592 in
909 2527 1101 2593 Macedonia
1126 2511 1257 2600 munere
1290 2527 1411 2592 tribuni

238 2635 391 2701 militaris
415 2633 621 2719 fungebatur.
668 2634 771 2716 Quam
795 2634 886 2700 litem
916 2636 951 2700 in
983 2655 1010 2700 a.
1034 2655 1063 2701 u.
1094 2637 1156 2700 111
1190 2635 1242 2701 661
1274 2636 1338 2700 112
1366 2633 1413 2699 in-

240 2744 347 2808 cidere
371 2747 509 2825 constat,
532 2742 589 2808 sed
613 2743 794 2808 sententiae
823 2743 967 2808 61161661
998 2742 1163 2808 doctorum
1195 2742 1235 2806 de
1267 2746 1413 2822 tempore

219 2851 360 2916 ¹satirae
392 2850 541 2915 (11661666
571 2855 655 2916 sunt.
708 2849 825 2915 Omnes
857 2851 942 2914 enim
979 2850 1047 2915 iere
1079 2854 1210 2930 praeter
1233 2847 1414 2914 Frankium

239 2958 350 3023 dicunt
373 2976 444 3022 eam
469 2957 643 3023 satirarum
667 2957 804 3038 primam
827 2958 982 3038 scriptam
1014 2977 1083 3022 esse
1115 2957 1208 3023 brevi
1241 2960 1414 3037 postquam

239 3065 396 3130 Horatius
420 3083 437 3128 e
461 3065 653 3130 Macedonia
676 3064 818 3143 redierit,
844 3065 928 3146 quod
958 3063 1096 3130 ridicula
1127 3063 1185 3128 illa
1216 3081 1268 3128 res
1298 3067 1415 3144 postea

238 3174 339 3238 multo
364 3172 469 3237 minus
491 3172 638 3254 legentes
663 3172 865 3254 delectasset,
897 3176 1093 3252 quapropter
1123 3176 1184 3236 sat.
1217 3175 1236 3236 7
1267 3190 1350 3236 6666
1382 3191 1414 3236 6.

241 3282 303 3346 113
328 3281 381 3346 661
407 3282 471 3345 114
495 3280 734 3345 attribuendam
760 3298 837 3345 esse.
884 3279 951 3344 Alii
976 3284 1093 3364 autem,
1117 3280 1150 3346 in
1174 3280 1226 3359 his
1248 3279 1413 3344 Frankius

237 3409 268 3472 p.
294 3391 354 3455 101
381 3408 434 3469 66.,
459 3389 582 3468 aliquot
606 3408 707 3454 annos
730 3389 817 3454 inter
847 3407 989 3471 pugnam
1021 3389 1062 3453 ad
1089 3389 1259 3469 Philippos
1291 3387 1413 3453 iactam

240 3501 273 3561 et
304 3496 426 3562 satirae
461 3497 724 3578 compositionem
759 3495 981 3562 intercessisse
1015 3499 1173 3578 statuunt,
1207 3513 1310 3575 neque
1341 3513 1413 3559 eam

240 3604 394 3686 scriptam
418 3623 488 3669 esse
512 3604 605 3669 brevi
628 3609 799 3685 postquam
822 3609 920 3686 poeta
943 3623 983 3668 ex
1006 3603 1200 3668 Macedonia
1222 3602 1256 3666 in
1279 3602 1411 3666 Italiam

239 3730 389 3777 reversus
413 3711 470 3792 sit;
494 3729 569 3775 nam
593 3714 661 3775 tum
685 3710 781 3776 Bruti
805 3710 928 3776 cladem
949 3710 1123 3775 Horatium
1147 3709 1196 3774 ita
1219 3709 1351 3792 luxisse,
1374 3713 1412 3773 ut

240 3838 311 3884 eum
336 3819 464 3898 oblique
492 3822 629 3901 tangere
661 3837 724 3883 non
756 3817 899 3882 auderet.
945 3817 1009 3884 Sed
1040 3816 1134 3900 tangi
1166 3835 1238 3882 eum
1270 3834 1340 3881 cum
1372 3835 1414 3880 ex

239 3929 312 3990 tota
335 3926 440 3991 satira
464 3929 533 3991 tum
556 3945 574 3990 6
597 3943 649 3990 66.
674 3925 716 3988 33
741 3943 809 4004 sqq.
833 3943 1004 4005 apparere:

347 4050 467 4118 ,Persius
487 4051 634 4104 exclamat:
656 4051 725 4118 ,Per
744 4065 866 4118 magnos,
886 4051 980 4118 Brute,
1000 4049 1073 4116 deos,
1093 4053 1121 4102 te

347 4141 408 4209 Oro,
428 4139 474 4207 qui
492 4155 574 4208 reges
593 4139 732 4194 consueris
751 4140 856 4206 tollere,
877 4153 925 4192 cm·
943 4155 997 4192 non

345 4231 425 4284 Hunc
444 4231 550 4298 Regem
568 4229 698 4298 iugulas?
735 4229 853 4296 Operum
871 4229 929 4296 hoc,
949 4227 1016 4282 mihi
1035 4229 1122 4297 crede,
1141 4233 1250 4281 tuorum
1270 4226 1361 4280 est“·‘.

240 4320 404 4385 Frankius
428 4320 538 4402 igitur,
567 4338 637 4384 cum
666 4318 729 4383 sibi
759 4318 975 4399 persuasisset
1006 4318 1125 4382 satiras
1157 4317 1267 4382 eodem
1300 4315 1413 4381 ordine

240 4427 379 4509 scriptas
403 4447 472 4492 esse
497 4446 558 4506 quo
574 4446 659 4492 66116
674 4425 835 4510 leguntur,
858 4426 891 4490 in
909 4430 969 4489 sat.
988 4427 1004 4488 1
1023 4429 1167 4505 tempore
1184 4424 1412 4490 constituendo
