3190 4900
736 363 957 428 --22-Ρ

262 572 363 640 sentit
387 573 548 658 explicat,
575 575 766 657 posterioris
789 582 897 642 autern
920 576 995 641 libri
1019 577 1132 642 satiris
1156 577 1238 643 alios
1264 577 1437 656 loquentes

261 680 394 747 inducit.
440 682 556 762 Itaque
579 681 613 747 iu
635 681 726 749 nulla
748 682 853 749 satiro
875 681 994 766 prioris
1017 683 1092 749 libri
1116 683 1183 751 alia
1205 703 1343 765 persona
1363 699 1438 748 nar·

261 807 338 854 rans
360 788 526 854 inducitur
555 787 618 857 uisi
646 793 708 856 sat.
740 789 759 854 8
782 788 930 874 Priapus,
965 809 1058 872 quem
1088 809 1180 858 usum
1211 810 1252 858 ex
1273 789 1438 872 Priapoiis

262 894 423 964 Horatius
446 894 606 978 recepisse
630 895 767 962 videtum.

369 1001 566 1070 Posterioris
590 1007 699 1068 autem
717 1003 793 1070 libri
809 1004 932 1071 satirae
946 1003 1104 1087 plurimae
1121 1006 1285 1073 excellunt
1301 1003 1439 1089 egregio

263 1109 369 1176 forma
393 1108 582 1176 dramatico.
627 1110 733 1176 Poeta
755 1111 840 1178 enim
863 1111 898 1176 in
923 1110 965 1177 iis
994 1129 1065 1176 cum
1092 1111 1167 1178 aliis
1194 1131 1229 1179 se
1257 1112 1440 1192 colloquen-

263 1221 330 1282 tem
355 1215 435 1284 focit
459 1215 637 1298 velutin
667 1237 772 1302 scena,
803 1218 884 1284 duas
913 1237 1068 1301 personas
1099 1219 1258 1286 alternos.
1274 1236 1439 1286 sermones

263 1323 421 1392 facientes
443 1323 601 1406 producit.
1107 1353 1110 1358 ·

273 1493 275 1498 ,
370 1431 419 1498 Ac
442 1434 503 1498 sot.
528 1430 656 1511 quidem
683 1435 698 1496 1
723 1436 822 1515 poeta
845 1452 880 1499 se
903 1432 972 1515 ipse
996 1433 1232 1513 colloquentem
1253 1431 1349 1516 fingit
1365 1449 1440 1496 cum

263 1537 426 1620 Trebatio,
450 1541 512 1606 sat.
535 1539 564 1621 3,
589 1538 679 1604 cuius
701 1558 799 1607 soene
822 1543 873 1606 est
901 1539 935 1606 in
966 1539 1047 1606 villa
1070 1539 1200 1623 Sabina,
1224 1558 1296 1606 cum
1319 1539 1441 1605 Dama-

263 1643 354 1734 sippo
371 1645 488 1712 Stoico.
535 1641 713 1712 Satautem
736 1648 758 1710 4
778 1647 906 1715 Catium
922 1647 1117 1730 Epicureum
1141 1646 1299 1713 delicatas
1324 1646 1440 1726 epulas

263 1753 401 1834 parandi
423 1758 599 1835 praecepta
621 1752 684 1819 sibi
706 1753 892 1821 tradentem
913 1753 1048 1837 inducit,
1083 1758 1120 1820 ut
1159 1758 1440 1837 gastronomornm

264 1864 440 1942 praecepta
463 1859 594 1926 illudat.
635 1861 748 1942 Neque
778 1865 839 1928 sat.
873 1864 900 1943 7,
932 1880 996 1942 qua
1019 1861 1146 1928 Davum
1177 1880 1306 1928 servum
1328 1859 1441 1926 Satur-

265 1965 567 2038 nalibus'similiter
590 1986 628 2033 ac
652 1972 713 2036 sat.
737 1968 757 2034 3
777 1967 1009 2051 Damasippum
1032 1968 1095 2051 ipsi
1119 1969 1369 2053 exprobrantem
1392 1966 1441 2033 f·

150 2159 154 2165 ·
227 2081 228 2090 ’
267 2073 320 2156 oit,
345 2077 436 2140 caret
463 2067 577 2158 vigore
610 2074 797 2142 dramatico.
843 2075 911 2142 Sat.
941 2079 1050 2142 autem
1082 2077 1111 2159 8,
1140 2076 1230 2144 cuius
1260 2093 1358 2142 sceno
1388 2079 1441 2140 est

266 2181 352 2264 apud
363 2181 574 2248 Nasidienum
589 2183 756 2264 quendam,
769 2183 904 2267 egregia
916 2187 988 2248 arte
1003 2183 1169 2267 Horatius,
1182 2183 1237 2266 qui
1252 2183 1322 2266 ipse
1339 2200 1439 2248 cenae

266 2306 330 2354 non
353 2287 512 2370 interfuit,
535 2288 660 2356 inducit
683 2289 889 2356 Fundanium
913 2293 1043 2372 poetam
1067 2291 1222 2359 comicum
1251 2293 1440 2357 narrantem

267 2394 306 2462 de
330 2395 480 2462 convivio
503 2395 649 2462 libertini
677 2395 764 2464 illius
793 2397 914 2464 divitis.
961 2396 1073 2478 Neque
1101 2401 1163 2466 sat.
1195 2400 1215 2465 2
1243 2401 1343 2480 poeta
1370 2395 1441 2478 ipse

267 2501 420 2586 loquitur,
459 2502 516 2569 sed
554 2502 597 2569 ad
635 2503 829 2587 carpendam
866 2503 1027 2578 luxuriam
1064 2509 1162 2586 atque
1197 2504 1440 2588 improbitatem

267 2609 450 2690 aequalium
473 2609 554 2676 facit
570 2609 710 2677 Ofellum
734 2611 893 2694 quendam
916 2612 1093 2695 rusticum,
1115 2614 1291 2679 abnormen
1314 2612 1442 2695 sopien-

268 2721 342 2800 tem,
367 2735 540 2798 crossaque
556 2717 715 2786 Minerva‘
739 2721 780 2803 (v.
793 2720 826 2804 3)
849 2718 1124 2803 perstringentem
1140 2719 1261 2786 aetatis
1277 2739 1354 2786 suae
1370 2739 1442 2802 pro-

268 2823 426 2890 fusionem
455 2843 493 2892 ao
521 2824 691 2908 luxuriam,
723 2825 1000 2893 commendantem
1029 2826 1186 2894 maiorum
1214 2826 1441 2912 frugalitatem

268 2950 306 2996 ac
329 2949 452 2997 morum
474 2931 724 3013 simplicitatem.
769 2932 890 3000 Sextae
914 2934 1036 3000 satirae
1058 2934 1215 3002 orationis
1229 2933 1442 3017 posteriorem

267 3042 393 3120 partem
424 3043 532 3122 poeta,
554 3044 727 3121 postquam
756 3040 826 3123 ipse
856 3040 950 3108 initio
983 3040 1110 3108 locutus
1140 3048 1199 3126 est,
1235 3042 1269 3108 in
1304 3041 1441 3109 formam

269 3145 481 3214 dramaticon
514 3145 711 3230 transducit3
739 3166 760 3213 a
786 3166 817 3214 v.
846 3147 931 3213 enim
961 3149 1002 3215 79
1032 3153 1187 3216 narratur
1217 3167 1338 3216 summo
1369 3167 1441 3215 cum

269 3252 383 3336 vigore
411 3257 448 3319 et
476 3253 634 3321 orationis
657 3259 691 3319 et
714 3255 843 3340 generis
867 3255 1038 3322 dramatici
1061 3239 1174 3323 fabula
1199 3255 1258 3322 illa
1280 3275 1363 3338 quae
1390 3261 1442 3322 est

269 3360 308 3426 de
332 3378 421 3428 mure
441 3363 563 3428 urbano
587 3366 621 3427 et
643 3362 773 3429 rustico.
819 3363 961 3430 Maxime
977 3382 1055 3430 vero
1072 3363 1252 3430 dramatico
1268 3369 1319 3430 est
1334 3369 1395 3430 sat.
1411 3363 1443 3432 5.

268 3467 538 3552 Perstriugrmtur
561 3467 779 3538 hereditatum
803 3475 998 3552 captatores.
1045 3471 1149 3538 Scene
1164 3491 1182 3538 e
1197 3473 1314 3554 poetae
1331 3474 1441 3538 aetate

268 3574 440 3657 patriaque
463 3576 497 3643 in
521 3582 668 3660 tempora
691 3578 988 3659 antiquissimorum
1003 3577 1202 3646 Graecorum
1225 3577 1360 3645 redacta
1382 3581 1441 3646 est.

269 3683 424 3769 Fingitur
447 3685 532 3751 enirn
556 3684 670 3752 Ulixes
701 3686 786 3768 apud
809 3686 930 3752 inferos
954 3705 972 3752 e
995 3684 1123 3752 Tiresia
1146 3704 1304 3767 quaerens
1328 3686 1367 3752 de
1394 3684 1442 3751 fu-

269 3793 363 3858 turae
385 3791 477 3860 vitae
500 3792 694 3877 condicione,
718 3813 783 3875 qua
805 3792 933 3861 ratione
956 3793 1060 3860 redux
1084 3812 1160 3876 opes
1189 3793 1326 3861 amissas
1353 3811 1442 3860 recu·

269 3915 385 3979 perere
407 3898 519 3982 possit.
564 3901 708 3968 Tiresias
725 3905 833 3968 autem
848 3919 964 3982 rerum,
989 3919 1070 3981 quas
1086 3899 1214 3968 futuras
1229 3900 1447 3986 vaticinatur,

270 4006 416 4088 exempla
435 4007 561 4090 profert
582 4008 690 4091 lepido
715 4028 754 4075 ec
776 4007 913 4074 ridiculo
936 4007 1029 4074 modo
1046 4007 1137 4075 vitae
1154 4006 1441 4089 consuetudinique

269 4115 436 4182 Romanae
460 4115 631 4182 simillima.

305 4299 307 4308 ¹
375 4223 492 4304 Itaque
516 4223 673 4290 orationis
696 4227 794 4303 atque
817 4222 1060 4305 compositionis
1086 4223 1241 4308 vigorem,
1274 4223 1328 4303 qui
1355 4223 1442 4290 inest

254 4330 304 4397 ‹in
327 4330 439 4398 satiris
461 4329 537 4397 libri
560 4331 687 4414 prioris
711 4330 906 4414 perfectiore
929 4331 1034 4398 forma
1056 4330 1236 4398 dramatico
1251 4330 1442 4413 posterioris

270 4439 345 4505 libri
369 4439 544 4509 satirarum
568 4443 699 4508 auctum
722 4459 792 4507 esse
815 4443 960 4524 apparet.
