3190 4900
752 269 969 336 -18-

164 487 173 506 ”
277 484 464 553 auctoribus
487 485 662 551 coniecisse
685 485 861 551 verisimile
886 489 937 552 est
961 485 1011 568 (cf.
1037 504 1118 565 quae
1149 503 1247 565 supra
1278 483 1317 548 de
1349 481 1451 548 schol.

276 592 472 658 auctoritate
507 592 595 658 diota
630 596 725 677 sunt).
784 593 900 673 itaque
936 593 1057 658 satirae
1094 593 1111 655 8
1154 596 1280 672 tempus
1320 589 1449 654 definiri

277 719 341 768 uon
363 704 481 781 potest.
589 751 594 758 .

316 867 318 873 ,
382 807 534 887 Sequitur
565 811 602 871 ut
632 805 800 874 videamus
832 825 910 887 quos
942 806 983 872 ad
1015 826 1116 872 armos
1147 804 1337 885 posterioris
1370 803 1448 868 libri

178 981 189 994 ,
274 913 395 980 satiras
418 913 604 980 referamus.

380 1039 522 1117 Primam
553 1038 656 1122 igitur
689 1038 825 1104 satiram
862 1045 1057 1121 postremam
1093 1038 1232 1102 omnium
1270 1035 1446 1102 satirarum

274 1145 483 1226 compositam
507 1149 542 1210 et
572 1145 665 1226 quasi
695 1146 864 1228 prologum
895 1146 978 1211 libro
1005 1145 1155 1233 ¹additam
1188 1162 1257 1210 esse
1281 1145 1447 1208 Franhius

275 1253 443 1318 contendit
466 1252 520 1339 (11.
537 1253 707 1320 Kirchner.
731 1259 853 1332 quaest.
878 1272 907 1333 p.
934 1255 983 1334 17,
1007 1253 1108 1333 praef.
1133 1255 1299 1322 comment.
1323 1271 1353 1332 p.
1379 1251 1446 1338 25).

273 1361 310 1426 V.
327 1361 412 1425 enim
432 1360 724 1439 1011111111111
742 1361 894 1426 hortatur
911 1365 1091 1441 1111111111
1108 1359 1249 1442 Augusti
1273 1379 1325 1422 res
1354 1377 1448 1438 prae-

274 1467 472 1533 clarissimas
496 1472 601 1549 canat,
625 1486 695 1532 oum
721 1467 816 1532 dicit:

701 1615 850 1642 .......
871 1575 940 1630 aude

486 1663 612 1718 Caesaris
631 1662 728 1718 invicti
747 1679 791 1718 res
811 1664 909 1731 dicere,
929 1665 1016 1717 multa
1035 1663 1156 1716 laborum

485 1753 612 1808 Praemia
631 1753 739 1808 laturus
760 1794 872 1808 .....
876 1757 891 1821 ¹,

273 1845 388 1922 quibus
412 1843 520 1909 verbis
543 1843 718 1923 respondet
740 1843 899 1908 Horatius
923 1861 975 1908 vv.
1002 1844 1042 1908 12
1067 1860 1148 1922 sqq:
1231 1839 1233 1843 ’

486 1989 663 2016 ........
684 1949 825 2016 Cupidum,
844 1960 924 2018 pater
943 1949 1052 2016 optime,
1073 1937 1146 2001 vires

487 2038 635 2092 Deficiunt:
655 2053 744 2105 neque
762 2038 834 2092 enim
852 2038 941 2106 quivis
960 2037 1100 2092 horrentia
1119 2037 1183 2104 pilis

488 2127 607 2197 Agmina
625 2143 675 2182 nec
693 2127 784 2182 fracta
803 2135 950 2196 pereuntes
970 2127 1080 2195 cuspide
1100 2127 1193 2181 Gallos

424 2215 465 2270 15.
485 2215 542 2270 Aut
560 2216 679 2270 labentis
699 2233 766 2285 equo
786 2218 917 2272 describit
936 2218 1050 2288 vulnera
1068 2217 1183 2271 Parthi}

271 2307 365 2373 Un'de
389 2307 474 2387 quod
497 2306 594 2389 ,Galli
617 2305 724 2373 fracta
747 2315 919 2389 pereuntes
944 2308 1083 2389 cuspide‘
1115 2314 1149 2371 et
1179 2307 1329 2391 ,labentis
1361 2324 1446 2386 equo

271 2415 408 2482 vulnera
423 2414 549 2480 Parthi‘
574 2420 870 2498 commemorantur,
893 2416 1057 2481 Frankius
1081 2435 1109 2496 p.
1138 2415 1199 2480 110
1216 2434 1253 2494 sq
1286 2433 1447 2494 apparere

272 2523 454 2588 arbitratur
477 2528 537 2587 sat.
566 2532 579 2587 1
613 2543 641 2588 a.
673 2543 702 2589 u.
736 2526 801 2589 724
832 2524 930 2589 scribi
961 2523 1113 2604 potuisse.
1160 2523 1239 2586 lum
1272 2521 1446 2586 ostendere

270 2636 406 2696 conatur
430 2629 565 2696 satiram
589 2650 691 2710 neque
716 2635 793 2696 ante
817 2650 920 2712 neque
936 2639 1010 2712 post
1034 2632 1199 2712 111724,
1223 2630 1279 2694 sed
1296 2631 1356 2694 boc
1371 2631 1445 2710 ipso

271 2737 481 2818 compositam
506 2756 584 2802 esse.
631 2739 680 2803 Ac
702 2739 804 2820 priori
828 2739 956 2820 quiden
980 2737 1118 2819 tempori
1143 2757 1237 2818 quam
1262 2757 1290 2801 1.
1318 2757 1346 2802 u.
1377 2739 1445 2801 724

240 2831 242 2834 ’
271 2844 512 2911 attribuendam
537 2844 607 2910 earn
631 2865 694 2912 non
719 2865 788 2912 esse
812 2866 841 2927 p.
861 2849 923 2912 112
941 2846 980 2911 de
998 2846 1122 2910 duabm
1139 2845 1245 2910 causis
1261 2845 1444 2910 contendit:

270 2952 407 3034 primum
431 2957 508 3018 ante
532 2971 558 3017 a.
584 2972 613 3017 u.
639 2953 702 3018 724
725 2953 866 3019 nondum
889 2953 1040 3036 tetigisse
1057 2952 1273 3018 Octavianum
1297 2971 1349 3017 res
1364 2953 1444 3016 Par-

269 3061 384 3142 thicas,
401 3078 500 3142 quare
516 3063 646 3140 poetam
667 3078 697 3126 v.
715 3061 756 3126 15
772 3060 917 3142 ‚vulnera
931 3060 1048 3125 Parthi
1063 3059 1204 3125 labentis
1221 3065 1310 3138 equo‘
1327 3059 1447 3126 afferre

270 3186 333 3233 non
357 3167 510 3249 potuisse,
535 3185 605 3231 curn
629 3166 764 3232 satiram
788 3168 953 3234 scriberet.
1000 3167 1039 3232 A.
1063 3167 1147 3232 enim
1171 3185 1200 3232 u.
1226 3167 1298 3249 724,
1322 3173 1358 3232 ut
1378 3168 1442 3232 Dio

270 3274 357 3340 Cass.
381 3273 436 3357 LI,
461 3275 501 3338 18
526 3274 647 3358 tradat,
672 3274 888 3341 Octavianum
912 3277 952 3340 ab
976 3275 1129 3358 Aegypto
1160 3293 1226 3355 per.
1249 3273 1376 3357 Syriam
1409 3281 1444 3339 et

269 3381 382 3446 Asiam
405 3381 562 3446 minorem
591 3381 773 3462 profectum
805 3382 985 3449 certamina
1016 3383 1055 3448 de
1087 3381 1221 3462 imperio
1245 3382 1441 3447 Parthorum

269 3488 366 3554 11111·
383 3489 607 3570 composuisse.
652 3489 779 3556 Deinde
802 3490 1018 3556 Octavianum
1041 3489 1156 3556 invicti
1181 3489 1307 3556 nomine
1335 3509 1366 3556 1.
1402 3494 1437 3554 11

271 3596 381 3662 ornari
405 3616 469 3663 non
492 3597 646 3680 potuisse,
669 3598 856 3680 priusquam
878 3597 1041 3662 Antonius
1065 3601 1099 3662 11
1122 3597 1296 3677 Cleopatra
1319 3596 1441 3662 devicti

269 3707 302 3768 et
327 3703 481 3770 exstincti
505 3710 614 3770 essent
638 3703 690 3787 (11.
705 3705 876 3771 Kirchner.
900 3710 1023 3784 quaest.
1039 3689 1138 3787 pil,
1154 3703 1255 3785 praef.
1272 3708 1440 3770 comment.

270 3831 300 3892 p.
324 3812 376 3877 20.
399 3811 529 3878 Weber.
551 3813 669 3878 Annal.
693 3813 790 3878 Jahn.
815 3812 877 3877 vol.
902 3811 1003 3894 suppl.
1031 3811 1082 3878 IX
1114 3831 1140 3876 1.
1176 3811 1260 3877 1843
1292 3830 1321 3891 p.
1354 3810 1441 3896 287).

268 3920 340 3985 Non
364 3923 460 4002 recte,
485 3920 614 4001 opinor3
642 3938 717 3985 nam
739 3919 828 3984 locus
851 3919 908 3984 ille
932 3918 986 3999 qui
1001 3919 1088 4001 apud
1103 3918 1240 3984 Dionem
1257 3918 1344 3984 Cass.
1361 3917 1440 4000 legi-

268 4031 330 4110 tur,
354 4046 374 4092 a
396 4026 541 4092 Frankio
565 4026 618 4091 hie
641 4031 718 4109 apte
740 4046 804 4093 non
827 4024 970 4109 affertur,
1001 4046 1072 4092 cunr
1095 4025 1254 4091 Horatius
1284 4025 1345 4089 hoc
1368 4023 1439 4090 loco

267 4155 320 4200 res
351 4138 462 4217 gestas
494 4133 671 4217 significari
702 4134 791 4200 velit.
837 4134 949 4213 Neque
980 4133 1087 4200 altera
1117 4152 1215 4199 causa
1246 4131 1366 4199 sufficit
1398 4133 1441 4198 ad

268 4241 551 4309 demonstrandum
575 4246 635 4308 sat.
662 4243 677 4304 1
704 4248 781 4309 ante
805 4261 834 4306 a.
858 4260 887 4306 u.
912 4242 976 4306 724
996 4243 1151 4323 scriptam
1167 4260 1245 4306 esse.
1290 4239 1440 4306 Invictus

268 4352 350 4417 enim
370 4349 571 4415 Octavianus
595 4340 809 4430 compluribus
833 4350 897 4415 iam
922 4348 1015 4414 anuis
1040 4347 1298 4430 anterappellari
1322 4347 1440 4430 potuit,
