3190 4900
660 360 880 422 *21*

182 593 245 638 non
269 576 346 638 ante
371 571 466 638 tinem
490 571 567 638 anni
591 591 620 638 u.
645 573 709 637 723
734 572 912 653 composita
936 577 995 655 est,
1018 555 1067 638 ita
1091 577 1127 636 nt
1151 571 1263 638 eodem
1287 571 1356 636 fere

182 687 326 760 ternpore
350 678 474 760 scripta
496 657 649 745 videatu'r
672 698 734 760 quo
758 684 819 745 sat.
844 682 874 744 6.
932 735 934 738 .

182 807 185 824 ¹
288 787 364 854 Jarn
388 786 427 851 de
452 787 570 852 ceteris
592 786 713 854 satiris.
759 785 824 852 Sed
848 805 919 852 curn
941 787 976 852 in
1008 785 1049 851 iis
1080 786 1159 872 ipsis
1188 790 1279 852 certa
1310 785 1357 852 in-

183 893 269 960 dicia
288 913 352 959 non
372 893 591 978 inveniantur,
615 913 654 962 ea
666 883 758 975 ¹spurcae
779 893 819 960 de
834 894 886 960 his
902 892 1014 960 satiris
1030 891 1247 976 proferuntur,
1271 893 1357 962 omni
1403 983 1404 988 Ἰ

183 1001 252 1068 fere
282 999 516 1084 probabilitate
548 1005 669 1067 carent.
718 1001 802 1067 Nam
831 999 894 1068 viri
927 1001 1015 1067 docti
1046 1001 1086 1068 de
1110 999 1308 1083 temporibus
1340 1019 1357 1068 e

184 1127 302 1192 genere
326 1107 497 1190 scribendi,
522 1126 583 1187 quo
607 1113 706 1190 poeta
728 1108 762 1174 in
785 1108 897 1174 satiris
929 1126 1006 1174 usus
1038 1112 1097 1190 est,
1129 1107 1358 1202 concludentes

186 1214 283 1282 nimis
307 1232 399 1280 sunm
423 1214 734 1294 quisque'iudicium
764 1218 862 1295 atque
892 1215 1064 1282 arbitrium
1094 1218 1280 1297 sequuntur,
1310 1214 1359 1281 ita
1398 1208 1401 1214 ’
1524 1245 1527 1260 ι

186 1325 223 1387 ιιι
239 1321 421 1387 sententiae
437 1339 547 1386 eornm
564 1321 679 1387 mirum
695 1327 851 1402 quantum
866 1322 953 1388 inter
969 1342 1003 1389 se
1020 1322 1212 1404 discrepent.
1247 1319 1359 1402 Neque
1422 1355 1424 1363 v

184 1429 349 1498 Frankius
379 1448 451 1496 eam
481 1429 587 1512 legem
618 1429 776 1513 imprimis
807 1437 945 1512 secutus,
977 1430 1062 1511 quod
1092 1430 1217 1498 satiras
1248 1429 1359 1497 eodem

184 1536 295 1603 ordine
319 1556 380 1618 quo
403 1555 489 1604 nunc
511 1536 674 1621 leguntur,
698 1537 839 1620 scriptas
863 1557 933 1605 esse
960 1543 1065 1622 putat,
1095 1534 1243 1620 tempora
1270 1542 1359 1604 recte
1399 1575 1402 1583 -

185 1644 363 1710 constituit.
408 1645 521 1710 Etiam
544 1647 605 1711 sat.
630 1647 650 1710 2
675 1644 844 1732 (,0fellus‘)
868 1643 920 1712 cui
949 1665 1033 1712 anno
1065 1645 1276 1712 attribuenda
1306 1645 1359 1729 sit,

186 1753 345 1818 incertum
361 1757 420 1820 est.
466 1752 666 1819 Kirchnerus
683 1757 792 1819 eutem
808 1757 944 1834 (quaest.
960 1773 990 1834 p.
1007 1754 1059 1836 60,
1074 1753 1175 1834 praef.
1192 1757 1359 1820 comment.

186 1879 216 1942 p.
241 1861 273 1945 9)
297 1879 368 1926 eam
391 1859 495 1926 refert
518 1859 560 1926 ad
583 1878 612 1927 a.
635 1879 665 1927 u.
683 1861 745 1926 717
763 1865 838 1943 post
854 1861 919 1926 iter
933 1859 1174 1944 Brundisinum,
1191 1879 1255 1942 qua
1272 1879 1361 1929 occa·

185 1966 275 2034 sione
298 1986 368 2033 oum
386 1965 500 2048 Ofello,
523 1965 672 2048 populari
695 1986 763 2051 sno,
786 1967 820 2033 in
844 1986 925 2052 agro
948 1985 1048 2050 prope
1063 1962 1239 2034 Venusiam
1262 1971 1361 2050 poeta

166 2093 378 2158 ⁸,congressus
401 2074 453 2158 sit,
488 2073 577 2156 quod
608 2075 772 2156 pertinere
804 2074 973 2140 existimat
1004 2061 1058 2140 ad‘
1077 2075 1361 2144 demonstrandam

184 2200 277 2250 suam
300 2181 509 2264 sententiam,
532 2181 618 2262 quod
641 2181 760 2248 statuit
782 2181 958 2249 Horatium
981 2181 1305 2265 satiras‘promiscue
1328 2180 1361 2248 in

188 2289 268 2356 duos
292 2290 392 2356 libros
415 2287 609 2357 distributas
631 2309 697 2356 une
719 2290 869 2357 edidisse.
915 2289 979 2356 Sed
1002 2307 1055 2356 res
1081 2309 1214 2373 prorsus
1236 2290 1341 2384 incert

185 2402 245 2464 est.
291 2397 374 2463 Nam
397 2415 438 2462 ex
461 2413 499 2462 eo
524 2397 609 2477 quod
631 2395 797 2463 inducitur
820 2397 948 2464 Ofellus
971 2397 1114 2477 loquens,
1134 2417 1198 2464 non
1216 2398 1363 2480 sequitur

184 2509 223 2571 ut
245 2505 404 2571 Horatius
428 2523 500 2570 oum
523 2523 560 2570 eo
585 2504 625 2570 de
647 2503 700 2570 his
723 2506 820 2572 rebus
842 2505 957 2590 egerit.
1004 2504 1067 2571 Sed
1089 2510 1125 2571 ut
1148 2525 1269 2590 magna
1291 2509 1364 2572 arte

180 2616 280 2694 poeta
303 2611 483 2694 composuit
506 2630 578 2677 cum
599 2610 718 2693 prioris
739 2617 809 2680 tum
832 2612 1024 2695 posterioris
1047 2612 1124 2680 libri
1152 2612 1282 2695 satiras,
1314 2597 1363 2679 ita

180 2720 282 2786 etiam
302 2721 374 2786 ¹hac
406 2724 466 2786 sat.
491 2718 629 2786 artificio
662 2737 739 2785 usus
768 2719 895 2786 inducit
925 2718 1066 2786 Ofellum
1099 2718 1293 2804 frugalitate
1325 2739 1364 2786 ao

181 2845 306 2894 morum
329 2827 540 2909 simplicitate
562 2827 771 2909 praecipuum
802 2827 845 2914 (.
877 2827 909 2912 3)
941 2826 1063 2894 aetatis
1094 2846 1172 2894 suae
1202 2826 1364 2894 luxuriam

183 2934 411 3019 castigantem.

291 3043 491 3111 Posterioris
515 3041 619 3126 igitur
641 3040 718 3107 libri
742 3039 917 3107 satirarum
941 3041 1061 3135 nullius
1085 3047 1212 3125 tempus
1239 3041 1365 3108 definiri

181 3155 293 3234 potest
315 3151 379 3218 nisi
403 3155 464 3217 sat.
491 3152 518 3216 i.
543 3151 572 3216 3.
596 3149 626 3215 5.
651 3151 680 3214 6.

290 3258 382 3341 Quae
406 3277 477 3324 cum
500 3257 551 3324 ita
573 3257 649 3340 sint,
673 3261 867 3340 argumenta
891 3255 1006 3338 quibus
1030 3257 1081 3324 usi
1104 3257 1306 3324 Kirchnerus
1331 3262 1366 3322 et

181 3367 352 3448 Zumptius
377 3365 498 3446 aliique
522 3365 603 3432 duos
625 3364 726 3432 libros
750 3364 889 3448 singulis
912 3363 1025 3432 satiris
1048 3363 1082 3430 in
1106 3383 1161 3430 eos
1183 3364 1364 3447 promiscue

182 3473 368 3540 distributis
393 3472 589 3539 coniunctim
610 3472 716 3538 editos
742 3491 831 3558 esse,
862 3472 951 3540 nullo
978 3471 1098 3539 indicio
1124 3471 1364 3538 confirmantur.

182 3582 265 3648 Smrt
289 3586 398 3651 autem
422 3581 504 3647 satis
528 3581 650 3646 multae
673 3599 799 3663 causae,
835 3601 853 3647 e
880 3581 996 3664 quibus
1020 3584 1179 3663 appareat
1194 3583 1365 3660 utrumque

181 3689 301 3755 librum
325 3688 503 3771 separatim
526 3687 649 3754 editum
673 3707 751 3754 esse.

290 3796 339 3862 Ae
349 3795 455 3879 prima
467 3794 597 3876 quidem
609 3814 717 3880 causa,
729 3815 787 3862 cur
797 3795 974 3862 satirarum
985 3795 1087 3863 libros
1100 3814 1246 3862 seorsum
1257 3794 1363 3862 editos

185 3923 258 3970 esse
281 3905 458 3988 credamus,
481 3903 590 3986 posita
613 3908 664 3970 est
687 3904 720 3970 in
744 3902 938 3988 differentia,
970 3921 1052 3984 quae
1074 3903 1162 3969 inter
1195 3903 1363 3983 utriusque

183 4011 260 4076 libri
273 4012 394 4079 satiras
406 4011 589 4080 intercedit.
605 4011 655 4077 De
667 4030 733 4092 qua
744 4011 910 4078 Frankius
921 4030 951 4093 p.
965 4011 1106 4076 31-35.
1120 4011 1159 4075 71
1172 4010 1363 4093 disputavit.

291 4119 475 4186 Discrimen
499 4123 608 4186 autem
631 4138 703 4187 cum
726 4120 760 4186 in
784 4119 858 4186 aliis
883 4118 990 4186 causis
1012 4122 1081 4184 tum
1104 4117 1139 4184 in
1172 4137 1209 4184 eo
1241 4119 1365 4200 conspi-

183 4225 277 4310 citur,
301 4228 387 4308 quod
408 4226 601 4309 posterioris
624 4226 701 4293 libri
721 4227 846 4294 satirae
862 4245 971 4293 omnes
987 4225 1056 4292 fere
1074 4225 1179 4310 magis
1195 4226 1361 4308 perfectae

184 4338 261 4401 sunt
283 4334 481 4418 inventione,
506 4334 728 4419 dispositione,
752 4339 825 4400 arte
849 4333 1060 4416 componendi
1084 4353 1179 4415 quam
1211 4352 1293 4414 quae
1327 4333 1361 4399 in

183 4441 292 4526 priore
315 4442 398 4509 libro
423 4443 584 4529 leguntur.
629 4442 744 4510 Priore
768 4442 853 4510 enim
882 4442 965 4509 libro
990 4441 1148 4509 Horatius
1176 4441 1246 4524 ipse
1279 4459 1362 4524 quae
