3190 4900
713 259 933 322 ...lo-

563 469 680 538 Quill
701 473 853 538 Maecenas
872 475 924 526 ut
922 487 1000 526 nemo
1021 476 1073 526 etc.

208 559 361 624 'Deinde
385 560 500 624 Horat'
477 567 542 624 trus
566 561 710 640 appellat
733 563 1032 626 Maecenatenrt
980 567 1040 628 sat.
1064 563 1089 644 I,
1114 563 1143 644 3,
1168 563 1210 625 63
1235 581 1299 642 sq:

437 667 598 734 ,Simplicior
616 667 723 734 quiset
742 675 792 738 est,
813 671 919 736 qualem
938 685 980 722 me
1000 684 1081 736 saepe
1100 669 1218 723 libenter

436 756 586 810 tlbtulerim
606 757 665 824 tibi,
686 759 830 812 Maecenas
851 801 963 813 .....
972 760 977 786 ‘

235 847 340 910 Poeta
363 847 423 913 boc
447 847 516 910 loco
542 845 621 910 dicit
644 865 677 910 se
702 867 817 928 cupere
833 847 1016 913 Maecenati
1041 833 1074 912 se
1092 846 1206 913 offerre
1223 848 1407 930 simplicem,

161 961 163 968 ’
236 956 272 1016 ιιι
295 951 504 1018 familiaritas
528 971 587 1018 sua
609 955 650 1018 ab
675 955 760 1019 omni
774 951 963 1036 'suspicione
986 942 1339 1020 assentationislibera
1355 956 1407 1022 sit.

236 1061 317 1124 'l'urn
348 1065 408 1126 sat.
441 1061 460 1123 5
493 1064 575 1141 post.
596 1061 725 1126 initium
756 1062 890 1127 intimae
926 1061 1162 1127 familiaritatis
1194 1063 1316 1143 scripta
1348 1069 1407 1130 est.

235 1167 401 1232 Describit
433 1168 516 1232 enim
547 1173 645 1248 poeta
676 1169 736 1232 bac
768 1170 872 1234 satira
902 1169 966 1233 iter
997 1163 1243 1250 Brundisinum,
1281 1170 1313 1235 in
1345 1153 1407 1250 quo

236 1273 421 1339 Maecenati
452 1275 520 1339 cum
554 1275 628 1340 aliis
659 1275 727 1339 eius
758 1275 869 1340 amicis
902 1293 1006 1340 comes
1040 1275 1110 1340 fuit.
1163 1278 1273 1356 Neque
1304 1277 1409 1342 minus

237 1381 392 1446 utebatur
415 1381 617 1446 Maecenatis
641 1382 785 1446 amicitia
808 1387 876 1448 tum
901 1402 970 1447 cum
1000 1389 1059 1449 sat.
1091 1387 1110 1448 6
1143 1385 1320 1465 composita
1349 1388 1410 1450 est.

236 1487 318 1551 Nan]
332 1489 416 1567 quod
432 1489 616 1568 appellatur
632 1490 693 1554 hac
709 1489 812 1554 satira
828 1491 1008 1572 Maecenas
1026 1496 1161 1571 apparet
1178 1497 1307 1572 poetam
1322 1491 1409 1555 inter

236 1593 507 1660 familiarissimos
532 1596 599 1660 eius
623 1601 791 1676 receptum
816 1615 895 1678 esse,
920 1615 1019 1676 quare
1033 1594 1089 1662 ille
1106 1598 1230 1664 invidia
1247 1599 1409 1663 immicum

237 1701 612 1790 fflfflwffim

455 1809 548 1876 ,Quem
566 1811 667 1865 rodunt
686 1825 777 1863 omnes
796 1809 926 1864 libertino
945 1817 1025 1878 patre
1044 1818 1138 1866 natum

454 1899 540 1967 Nunc,
561 1900 624 1966 quia
644 1915 702 1952 sum
722 1899 780 1966 tibi,
800 1899 945 1953 Maecenas
966 1901 1104 1954 convictor
1126 1943 1131 1953 .
1153 1943 1157 1953 .
1179 1903 1194 1954 .‘

238 1988 416 2052 Praeterea
433 1988 512 2084 (licit
529 2008 558 2053 v.
577 1992 616 2054 61
636 2007 681 2068 sq.
699 2008 732 2052 se
749 2008 832 2052 nono
848 2008 956 2054 mense
972 1995 1143 2071 postquam
1159 1989 1193 2054 in
1208 1991 1408 2056 Maecenatis

206 2080 208 2095 '
238 2095 416 2160 amicitiam
441 2101 589 2177 receptus
614 2096 665 2175 sit,
691 2096 731 2160 ab
757 2115 793 2159 eo
820 2101 1006 2161 revocatum
1028 2097 1062 2162 in
1082 2117 1214 2163 nuntero
1236 2097 1408 2162 amicorum

240 2202 425 2284 assaumis
449 2207 551 2284 patet,
576 2221 670 2280 quam
695 2202 776 2266 artis
801 2203 965 2268 amicitiae
977 2203 1115 2270 vinculis
1133 2225 1203 2269 curn
1219 2205 1409 2270 Maecenate

239 2310 443 2373 coniunctum
467 2327 536 2374 sese
561 2309 691 2374 sentiat.
738 2311 831 2374 Nona
856 2331 980 2390 quoque
1004 2312 1107 2404 satira
1130 2312 1252 2392 scripta
1272 2315 1322 2375 est
1339 2331 1410 2376 eon-

238 2415 371 2480 firmata
418 2421 483 2481 iam
520 2416 721 2480 Maecenatis
751 2418 945 2498 Horatiique
977 2419 1134 2502 amicitia3
1167 2419 1283 2500 quippe
1316 2419 1410 2484 bomo

236 2523 438 2604 importunus
463 2523 570 2588 iocosa
594 2523 721 2588 ratione
746 2523 949 2606 describitur,
975 2543 1066 2604 quem
1091 2525 1227 2606 sumpsit
1244 2544 1410 2591 enumero

238 2649 354 2711 eorum,
379 2619 433 2710 qui
455 2635 586 2712 potitam
609 2633 779 2713 rogabant,
804 2636 840 2696 ut
860 2632 947 2712 ipsos
962 2633 1147 2697 Maecenati
1164 2634 1412 2698 commendaret.

238 2739 383 2818 Denique
421 2743 481 2803 sat.
516 2741 557 2804 16
598 2739 776 2818 composita
815 2743 865 2802 est
909 2739 1024 2816 intima
1059 2739 1286 2805 familiaritate
1325 2740 1413 2804 inter

237 2850 407 2925 utrumque
428 2845 525 2910 facta.
572 2846 728 2911 Horatius
746 2845 830 2910 enim
846 2845 1058 2925 reprehensus
1074 2848 1115 2911 ab
1136 2847 1254 2926 iniquis
1279 2847 1413 2912 homini-

238 2954 305 3034 bus,
331 2953 415 3031 quoa
439 2957 499 3018 sat.
523 2962 543 3018 4
569 2953 726 3018 Lucilium
751 2952 1015 3034 vituperaverat,
1039 2952 1120 3017 dicit
1143 2973 1177 3018 se
1200 2971 1264 3018 non
1288 2955 1412 3020 moveri

238 3060 354 3125 iudicio
380 3061 543 3124 hominum
567 3061 807 3142 malevolorum,
837 3061 889 3138 qui
914 3065 1003 3124 recto
1033 3060 1150 3125 iudicio
1180 3066 1322 3143 careant,
1354 3061 1413 3126 secl

238 3167 300 3232 sibi
325 3168 450 3232 abunde
474 3168 630 3250 sufficere,
655 3169 740 3248 quau
762 3173 913 3250 poemata
937 3187 995 3232 sua
1023 3187 1043 3231 a
1070 3167 1152 3233 uiris
1179 3168 1353 3256 prudentia
1377 3173 1411 3233 et

239 3275 358 3340 artium
382 3275 628 3354 litterarumque
653 3275 790 3340 scientia
813 3273 1103 3356 praestantissimis
1126 3277 1311 3355 probentur.
1340 3275 1411 3358 Quo

239 3383 273 3447 in
296 3402 428 3447 ricimero
453 3382 639 3447 nominatur
663 3383 761 3446 ctiam
784 3383 957 3447 Maecenas
980 3401 1009 3447 v.
1034 3381 1074 3448 81
1101 3401 1161 3461 sq:

452 3489 567 3557 ,Plotius
588 3495 615 3542 et
634 3489 742 3556 Varius,
763 3490 908 3543 Maecenas
929 3489 1125 3558 Vergiliusque

451 3577 569 3646 Valgius
590 3584 617 3632 et
636 3577 734 3645 probet
752 3579 819 3632 haec
838 3579 888 3632 Oct
878 3579 969 3632 tarius
989 3584 1035 3647 opt
1037 3579 1134 3635 imus

345 3685 461 3766 ltaque
487 3690 546 3751 sat.
574 3687 653 3749 l..‘3
678 3685 707 3750 5
733 3689 761 3752 6.
786 3689 814 3752 6.
842 3688 882 3752 16
907 3687 1062 3766 composit
1065 3707 1103 3751 ae
1127 3620 1211 3768 sunt,
1238 3691 1411 3768 postquam

238 3799 336 3875 poeta
360 3794 393 3858 in
418 3793 624 3859 familiaritat
573 3797 675 3859 ttem
692 3793 893 3858 Maecenatis
917 3794 1144 3876 adscitustest,
1168 3792 1188 3860 i.
1213 3795 1411 3875 aproximis

238 3907 312 3983 post
336 3901 464 3966 initium
489 3901 564 3965 anni
589 3921 616 3966 u.
644 3902 707 3964 117
731 3901 833 3967 annis.

343 4008 588 4073 Accuratiorem
611 4012 719 4072 autem
744 4007 964 4088 quaestionem
992 4009 1139 4088 postulat
1162 4013 1223 4073 sat.
1257 4011 1283 4074 1.
1332 4010 1412 4076 Cum

238 4116 272 4182 in
296 4116 368 4198 ipsa
391 4116 494 4180 satira
517 4114 599 4179 nibil
614 4115 702 4197 insit,
726 4115 809 4180 rande
832 4119 955 4197 pateat,
980 4115 1031 4180 cui
1047 4134 1130 4180 anno
1147 4135 1186 4180 ea
1202 4116 1413 4182 attribuenda

239 4225 291 4308 sit,
315 4223 491 4304 videamus,
519 4241 594 4286 uum
625 4228 752 4304 tempus
781 4222 918 4303 reperiri
945 4222 1057 4305 possit,
1086 4226 1161 4286 ante
1191 4223 1274 4302 quod
1306 4226 1365 4287 sat.
1393 4228 1409 4290 1

240 4330 418 4417 composita
442 4349 511 4396 esse
535 4349 599 4395 uon
623 4329 666 4395 sit
689 4331 841 4414 putanda.
890 4329 982 4416 Quod
997 4332 1124 4414 tempus
1142 4328 1306 4396 Frankius
1322 4349 1411 4415 repe-
