3190 4900
678 425 901 487 ..33-

306 642 370 706 Sed
393 640 539 722 pluribus
563 639 596 703 in
621 640 705 704 hanc
728 658 795 704 rem
819 638 983 718 inquirere
1007 656 1086 718 opus
1109 607 1187 703 non¹
1201 643 1267 717 est;
1298 655 1374 702 nam

198 749 280 816 satis
312 749 567 812 demonstratum
591 746 683 810 nobis
706 746 838 811 uidetur
860 745 982 809 nullam
1009 744 1096 809 inter
1117 745 1233 809 Horat.
1265 748 1326 809 sat.
1350 743 1375 824 Ι,

200 860 215 921 1
243 861 276 920 et
300 855 397 938 Verg.
422 853 543 936 Georg.
566 853 643 918 libb.
666 853 715 918 IV
738 852 939 918 intercedere
963 851 1163 916 relationem.

305 962 425 1026 Restat
448 967 484 1025 ut
508 977 709 1042 quaeramus,
733 960 860 1039 quando
884 964 1021 1038 uterque
1037 957 1211 1026 satirarum
1234 957 1318 1022 liber
1341 957 1375 1024 in

199 1070 361 1150 publicum
393 1067 527 1146 emissus
559 1066 611 1132 sit.
658 1067 779 1132 Causas
815 1071 923 1130 autem
956 1065 1071 1144 quibus
1105 1084 1181 1131 usus
1212 1065 1377 1130 Frankius

199 1197 229 1258 p.
253 1175 383 1241 22-27
409 1174 497 1240 libi
521 1193 548 1238 a.
574 1192 602 1237 u.
628 1175 691 1238 119
716 1172 879 1255 attribuit,
903 1191 1002 1252 supra
1026 1172 1188 1237 refutasse
1211 1172 1306 1236 nobis
1329 1172 1376 1237 ui·

200 1283 319 1349 demur.
368 1281 431 1346 Sed
463 1299 655 1360 quamquam
678 1280 796 1360 prioris
818 1279 895 1344 libri
912 1280 1175 1360 compositionem
1191 1284 1288 1360 atque
1313 1279 1377 1344 edi·

195 1391 322 1454 tionem
355 1389 443 1453 ultra
474 1407 502 1452 a.
526 1407 555 1452 u.
589 1388 653 1452 720
680 1387 891 1467 proferendas
921 1406 986 1451 non
1009 1406 1080 1453 esse
1112 1387 1142 1452 ei
1172 1375 1393 1467 assentimur.

200 1503 311 1562 tamen
343 1494 524 1574 silentium,
557 1493 641 1572 quod
673 1495 713 1558 de
740 1494 890 1576 Augusto
922 1494 1053 1573 eiusque
1080 1497 1177 1560 rebus
1212 1496 1316 1577 gestis
1344 1494 1378 1558 in

202 1605 258 1669 lib.
282 1605 299 1668 I
322 1603 480 1668 Horatius
504 1602 619 1683 tenuit,
642 1620 707 1665 non
731 1606 842 1682 aptum
854 1602 986 1667 uidetur
1009 1603 1051 1666 ad
1073 1603 1134 1666 hoc
1158 1602 1378 1666 demonstran-

205 1711 288 1775 dum.
335 1698 459 1774 Statuit
491 1709 576 1773 enim
607 1709 771 1774 Frankius
802 1729 832 1790 p.
858 1711 899 1774 28
931 1709 1105 1774 Horatium
1133 1728 1192 1790 per
1223 1728 1377 1775 annosu.
1414 1741 1415 1746 .

204 1819 357 1903 lla-aab
375 1818 411 1882 ¹ei
435 1816 578 1897 coepisse
602 1814 731 1897 favere,
755 1816 864 1881 itaut
888 1821 1046 1898 appareat
1070 1803 1301 1897 quaerentibus
1324 1833 1379 1881 no-

203 1923 254 1990 bis
279 1924 318 1988 de
343 1923 485 1989 editione
516 1923 592 1988 libri
624 1922 741 2004 prioris
771 1923 861 1988 ultra
891 1923 925 1987 id
956 1929 1082 2004 tempus
1106 1922 1378 2004 progrediendum

150 2077 152 2088 J
202 2021 266 2096 non
290 2050 369 2096 esse.
416 2031 480 2096 Sed
511 2030 611 2096 etiam
639 2030 671 2094 in
701 2030 808 2110 priore
840 2035 900 2096 sat.
924 2030 1007 2095 libro
1031 2031 1200 2112 Augustus
1223 2050 1287 2094 non
1311 2031 1380 2095 lau·

192 2139 309 2217 palatur,
342 2143 453 2203 tamen
475 2137 564 2201 nullo
588 2138 658 2201 loco
684 2137 790 2201 odium
813 2141 931 2218 poetae
953 2137 988 2201 in
1012 2156 1083 2202 eum
1107 2141 1164 2201 aut
1188 2137 1312 2202 animus
1337 2139 1378 2202 ab

205 2264 243 2309 eo
269 2263 403 2310 aversus
419 2225 626 2327 cognoscitur
641 2262 746 2322 neque
760 2243 910 2308 illuditur
933 2243 1148 2309 familiaribus
1163 2242 1379 2324 imperatoris.

203 2352 276 2417 Non
305 2344 393 2416 reete
417 2349 512 2416 affert
536 2350 701 2415 Frankius
728 2370 757 2431 p.
782 2351 824 2415 28
849 2351 957 2416 adnot.
982 2351 1224 2416 cavillationem
1247 2350 1379 2433 Tigellii

204 2459 348 2528 cantoris
372 2463 434 2524 sat.
459 2461 478 2523 2
502 2458 555 2522 uel
578 2456 704 2522 Petillii
728 2461 788 2523 sat.
811 2459 887 2539 4,94
911 2457 1105 2544 (ol.10,26);
1128 2477 1203 2522 nam
1227 2463 1379 2522 accurate

204 2565 353 2646 exposuit
377 2564 578 2630 Kirchnerus
610 2568 733 2643 quaest.
764 2583 793 2644 p.
818 2566 949 2630 42-49
974 2565 1035 2647 (,de
1060 2569 1197 2643 utroque
1220 2565 1380 2648 Tigellio‘)

203 2675 289 2737 hunc
312 2671 486 2754 Tigellium
503 2671 648 2753 Sardum,
672 2671 822 2736 Caesaris
845 2673 1012 2752 utriusque
1034 2671 1179 2755 amicum,
1203 2675 1301 2738 sat2
1326 2672 1381 2759 (1.

203 2779 277 2845 init.
300 2787 361 2845 sat.
386 2781 418 2863 3)
451 2785 733 2844 commemoratum
765 2793 836 2844 cum
858 2780 981 2845 minore
1005 2779 1143 2862 Tigellio
1166 2781 1381 2862 Hermogene,

204 2887 338 2952 Horatii
363 2885 491 2965 aequali
515 2887 616 2967 (cuius
632 2885 752 2951 mentio
776 2887 813 2952 fit
836 2887 870 2952 in
894 2893 954 2953 sat.
978 2889 1129 2972 4et10),
1154 2908 1174 2953 a
1197 2886 1383 2953 scholiastis

103 3020 106 3026 ·
205 2993 372 3060 confusum
388 3011 469 3068 esse,
491 2994 540 3058 ita
555 2997 592 3058 ut
616 2993 700 3072 quod
724 2995 821 3060 schol.
837 2995 942 3060 tradit
965 3000 1024 3060 sat.
1049 2998 1078 3080 2,
1095 2995 1269 3079 Tigellium
1293 2994 1383 3076 carpi

207 3101 248 3165 ab
273 3101 421 3184 Horatio,
445 3100 529 3184 quod
545 3100 689 3165 carmina
710 3101 778 3166 eius
803 3102 884 3167 satis
899 3103 1003 3183 perite
1020 3103 1187 3169 modulata
1202 3103 1383 3186 negaverit,

206 3207 240 3271 in
272 3207 356 3272 hunc
387 3207 560 3290 Tigellium
588 3208 828 3290 Hermogenem
859 3209 964 3275 cadat.
1015 3211 1127 3289 Neque
1158 3229 1199 3274 ex
1227 3229 1264 3275 eo
1297 3211 1382 3290 quod

207 3331 337 3378 causam
360 3313 450 3379 illam
473 3313 598 3379 Petillii
622 3313 726 3397 affert,
748 3321 879 3396 poetam
902 3319 943 3382 ab
967 3317 1117 3400 Augusto
1143 3317 1248 3382 alieno
1274 3317 1381 3383 animo

206 3421 308 3486 luisse
330 3420 472 3504 intelligi
495 3425 605 3503 potest
629 3423 681 3510 (ci.
705 3442 787 3502 quae
811 3443 910 3504 supra
932 3424 975 3490 ad
998 3435 1060 3490 sat.
1085 3426 1107 3488 4
1139 3425 1178 3489 de
1210 3425 1322 3491 eadem
1345 3446 1381 3491 re

206 3527 434 3613 exposuimus).
479 3530 658 3596 Praeterea
680 3531 796 3596 mirum
818 3549 883 3597 non
907 3538 965 3608 est.
989 3533 1074 3613 quod
1090 3533 1247 3598 Horatius
1263 3539 1324 3600 sat.
1341 3534 1383 3616 11,

210 3634 337 3704 1116
370 3634 586 3702 Octauianum
617 3637 738 3704 laudat.
784 3638 900 3718 ltaque
931 3658 996 3704 non
1022 3641 1123 3720 probo
1147 3639 1287 3706 Frankii
1314 3659 1384 3706 sen-

208 3741 349 3808 tentiam
373 3743 546 3808 Horatium
569 3745 658 3811 intra
682 3751 804 3811 certum
832 3746 914 3811 illud
937 3747 1081 3828 spatium
1105 3747 1204 3813 trium
1227 3766 1383 3814 annorum

210 3850 363 3916 118-20
398 3852 494 3917 rebus
529 3852 597 3917 eius
633 3853 745 3919 lavere
780 3854 939 3936 coepisse3
973 3855 1030 3920 sed
1065 3874 1179 3921 censeo
1214 3856 1385 3936 paullatim

208 3957 347 4022 maxime
371 3957 597 4024 familiaritate
620 3959 822 4027 Maecenatis
846 3957 906 4025 hoe
929 3961 1052 4026 iactum
1076 3981 1146 4028 esse
1178 3961 1228 4044 (cf.
1251 3962 1383 4030 Teuffel.

207 4083 236 4145 p.
263 4065 348 4148 223).
395 4064 503 4148 Quare
526 4067 608 4131 haec
631 4086 729 4134 causa
758 4088 778 4133 a
800 4068 946 4133 Frankio
979 4068 1083 4134 allata
1111 4087 1175 4134 non
1198 4068 1318 4135 sufficit
1342 4070 1384 4135 ad

210 4169 364 4235 editionis
399 4177 526 4252 tempus
562 4175 829 4240 constituendum.
876 4173 967 4257 Quae
1001 4194 1072 4240 cum
1106 4175 1155 4240 ita
1189 4175 1267 4258 sint,
1303 4176 1385 4242 nihil

209 4277 298 4342 aliud
333 4283 483 4344 constare
518 4278 650 4346 videtur
684 4280 747 4346 nisi
781 4281 879 4347 libi
914 4281 1036 4348 editum
1072 4302 1143 4348 esse
1178 4284 1271 4350 brevi
1306 4288 1384 4349 ante

210 4390 271 4451 sat.
302 4385 343 4467 11,
378 4389 405 4467 1,
436 4405 531 4464 quam
562 4388 700 4468 primam
732 4389 871 4454 omnium
896 4389 1070 4454 satirarum
1093 4389 1285 4471 posterioris
1308 4391 1383 4454 libri

210 4497 287 4557 ante
309 4491 407 4558 linem
431 4493 508 4558 anni
532 4513 560 4558 u.
587 4496 649 4560 121
675 4494 830 4576 scriptam
847 4495 1069 4578 cognovimus,
1092 4497 1141 4562 ita
1164 4502 1202 4561 ut
1223 4495 1299 4561 libri
1324 4497 1387 4578 pri·

211 4599 275 4665 oris
299 4599 422 4665 satirae
445 4599 533 4665 intra
556 4619 658 4668 annos
682 4620 711 4666 u.
737 4602 891 4666 716-20
915 4602 1057 4683 scriptae
1081 4603 1262 4668 videantur.
